2106 3487
158 198 216 236 111.
237 201 475 235 Verzeichnis
495 198 703 242 griechisch
725 196 857 242 gebild.
871 195 1029 233 Worter.
1048 214 1079 220 —·
1097 194 1155 231 IV.
1176 193 1296 230 Wort-
1314 194 1387 230 und
1408 193 1672 238 Sachregister.
1739 189 1785 228 99

156 301 237 343 ΙΙΙ.
271 300 601 343 Verzeichnis
634 299 978 353 griechischer
1010 298 1113 350 und
1146 296 1429 350 griechisch
1462 296 1738 348 gebildeter

838 369 1058 411 Worter.

115 450 298 484 amiantus
564 448 720 481 diastole
1001 445 1193 487 litargicus
1432 452 1668 478 scammonea

116 503 329 536 anathomia
564 502 726 534 discolus
1001 498 1263 531 melancolicus
1433 498 1644 539 sillogizare

116 556 368 589 anathomicus
564 555 718 595 elephas
1001 551 1195 584 metheora
1433 551 1594 592 sincopis

116 609 241 643 anesis
565 608 798 648 embipedum
1002 604 1250 637 metheoricus
1432 605 1665 645 sIncopizare

115 662 318 704 apopiexia
566 661 706 693 embrio
1003 665 1231 698 omogeneus
1432 659 1591 691 sintoma

116 715 283 749 armonia
566 723 657 755 epar
1004 710 1146 750 optesis
1432 712 1560 744 sistole

116 769 322 802 autenticus
566 768 712 808 epsesis
1003 771 1182 804 organum
1433 772 1652 806 spasmosus

115 822 217 855 basis
566 820 730 853 euthinia
755 818 800 860 (22)
1003 816 1246 857 panspermia
1433 826 1583 860 sperma

115 875 276 908 cacabus
567 874 728 907 fantasia
1004 869 1186 910 pepansis
1434 874 1620 904 stomacus

116 929 242 961 colera
567 927 802 969 flegmaticus
1005 922 1242 963 philosophia
1433 924 1588 957 struthio

117 981 320 1015 conoidalis
568 980 767 1013 freneticus
1006 975 1250 1016 philosophus
1433 978 1617 1011 thalamus

117 1035 334 1069 cotilidones
566 1033 812 1075 hypatonicus
940 1012 943 1090 Ι
1006 1028 1170 1069 phisicus
1434 1032 1569 1064 thorax

117 1089 240 1122 diaeta
567 1086 785 1119 idmeaticus
1006 1088 1240 1129 phisiologus
1435 1085 1588 1118 trachea

117 1142 325 1184 diafragma
566 1140 645 1172 linx
940 1094 945 1177 Ι
1007 1141 1159 1182 planeta
1436 1138 1576 1171 zoticus

478 1242 575 1294 1V.
616 1241 805 1293 Wort-
845 1243 959 1293 und
1006 1242 1435 1308 Sachregister.

118 1342 307 1375 absolutus
335 1349 422 1382 opp.
448 1340 588 1373 relatus
614 1339 686 1379 3‚8.
715 1340 788 1379 4,1.

118 1395 260 1428 activus
287 1395 329 1427 ef.
360 1394 528 1435 qualitas.

119 1448 277 1489 adaptus
303 1447 375 1487 2,3.
398 1447 517 1486 50,19.
547 1446 642 1486 59,4.
670 1446 766 1485 61,1.
795 1446 916 1486 91,15.

166 1501 263 1541 92‚8.

118 1554 327 1595 aequalitas
354 1553 475 1593 66,18.

119 1608 184 1640 aer
217 1607 249 1640 1.
281 1607 443 1640 calorem
476 1607 660 1648 temperat
687 1606 807 1645 42,16.
854 1607 918 1639 aer

164 1661 301 1702 ignitus
329 1660 425 1699 39‚9.
450 1677 497 1682 -—
523 1660 557 1692 2.
585 1661 650 1693 aer
676 1660 860 1701 pulmonis
883 1660 919 1692 et

164 1713 327 1754 pectoris
353 1714 453 1746 motu
485 1714 663 1746 attractus
690 1712 791 1745 cordi
816 1712 918 1744 mini·

166 1767 304 1799 stratur
316 1766 412 1806 15,8.
446 1766 604 1799 medium
619 1766 818 1799 thalamum
839 1774 917 1798 cor·

166 1820 222 1853 dis
240 1819 444 1861 ingreditur
465 1819 585 1859 20,11.
609 1818 717 1858 21‚17
752 1819 795 1852 cf.
826 1819 918 1858 41,5.

166 1873 288 1907 cordis
315 1873 448 1906 cellula
478 1873 655 1913 recipitur
681 1874 717 1905 et
742 1873 920 1905 retinetur

168 1926 264 1966 18,6.
301 1926 398 1958 aeris
432 1934 520 1967 pars
560 1925 738 1958 sincerior
776 1925 920 1966 spiritui

166 1988 235 2021 per
260 1979 504 2021 digestionem
535 1979 658 2011 unitus
694 1978 736 2011 fit
769 1978 920 2020 spiritus

168 2032 287 2072 4218.

120 2088 252 2120 aereus
280 2086 400 2126 78,15.
429 2086 526 2126 79‚2.

120 2140 328 2174 aestimatio
357 2140 476 2179 12,14.
505 2139 625 2174 81.18.

120 2194 288 2227 affectus.
323 2194 481 2234 quatuor
506 2194 627 2226 motus
655 2201 748 2234 quos
775 2192 920 2225 animae

169 2247 327 2281 affectus
345 2247 481 2279 vocant
500 2256 523 2280 a
547 2246 658 2279 corde
679 2246 922 2287 prorumpunt

168 2300 283 2340 33,16.
300 2300 389 2339 83,2.
405 2300 585 2333 rationem
600 2299 817 2340 perturbant
829 2299 920 2338 83,3.

121 2354 222 2387 alere
237 2354 357 2392 4222.
385 2362 418 2386 a.
434 2355 490 2386 est
502 2354 668 2394 potentia
679 2352 796 2385 simile
805 2352 922 2390 unire,

168 2416 237 2449 per
269 2407 513 2449 digestionem
552 2408 635 2439 actu
673 2406 747 2439 tale
786 2406 922 2438 factum

169 2461 290 2500 57‚14.
330 2460 438 2493 alitur
460 2460 551 2492 nihil
578 2459 649 2492 nisi
676 2459 922 2492 communicet

168 2514 246 2547 vita
271 2513 392 2552 62‚23.

122 2566 332 2600 alimentum
347 2566 402 2606 23,
419 2566 450 2599 6.
473 2566 592 2605 62,21.
609 2565 729 2605 66,10.
748 2564 844 2604 68,1.
867 2563 921 2596 14.

170 2619 290 2660 70,16.
314 2620 410 2659 71,1.
429 2619 525 2658 72,9.
543 2618 663 2659 74,23.
680 2618 776 2658 88,7.
802 2618 921 2657 89,15.

123 2673 293 2706 alteratio
320 2672 439 2712 65,18.
468 2672 565 2712 66,1.
852 2668 921 2709 [18.

123 2727 304 2759 amiantus
331 2726 427 2764 6,16.
456 2725 578 2766 56‚23.
631 2724 683 2758 Gr.
710 2724 865 2757 embrio.

123 2779 336 2812 anathomia
363 2779 458 2818 19,2.

123 2833 375 2866 anathomicus
403 2832 522 2871 18,10.
551 2832 671 2871 23,15.
700 2831 797 2871 53,6.

124 2885 249 2919 anesis
275 2885 372 2924 22‚3.
400 2885 496 2923 93,8.

125 2938 257 2972 anima.
298 2939 330 2971 1.
357 2937 482 2971 Wesen
508 2937 591 2971 und
614 2937 925 2978 Eiyenschaften:

173 2995 212 3030 a)
241 2991 364 3024 anima
381 2991 425 3023 in
446 2999 493 3024 se
513 2990 750 3023 considerata
769 2988 825 3029 (=
849 2990 924 3022 ab·

173 3044 326 3077 soluta
351 3044 383 3084 3,
399 3043 431 3077 8.
453 3043 530 3084 4,1>
557 3043 764 3076 substantia
790 3044 847 3076 est
872 3043 924 3075 in-

172 3106 365 3138 corporea,
410 3097 648 3136 intellectiva,
691 3096 924 3129 illuminatio-

1038 1349 1125 1373 num
1153 1348 1249 1381 quae
1276 1349 1298 1372 a
1323 1340 1441 1380 primo
1469 1339 1553 1371 sunt
1584 1337 1711 1369 ultima
1734 1345 1790 1369 re-

1038 1393 1175 1426 latione
1197 1393 1416 1434 perceptiva
1436 1392 1507 1431 2,7.
1523 1408 1569 1412 -
1589 1390 1623 1429 b)
1645 1390 1792 1422 relata

1040 1447 1164 1479 anima
1190 1446 1370 1487 perfectio
1397 1445 1455 1477 est
1475 1443 1640 1484 corporis
1661 1442 1792 1483 phisici

1040 1500 1206 1541 organici
1233 1499 1306 1538 3,1.
1335 1507 1367 1531 a.
1395 1499 1452 1530 est
1471 1496 1652 1538 perfectio
1674 1496 1792 1536 prima

1039 1552 1207 1593 corporis
1234 1551 1366 1593 phisici
1398 1550 1566 1592 potentia
1590 1549 1703 1581 vitam
1729 1548 1792 1580 ha-

1038 1605 1160 1638 bentis
1175 1605 1274 1644 93‚2.
1290 1621 1332 1626 —-
1349 1603 1380 1643 c)
1403 1613 1435 1637 a.
1458 1602 1653 1643 simplex
1674 1602 1710 1634 et
1729 1602 1792 1634 im-

1039 1658 1222 1699 partibilis
1238 1658 1336 1697 34,4.
1356 1657 1410 1697 39,
1424 1659 1454 1689 1.
1472 1656 1591 1696 43‚13.
1620 1664 1652 1688 a.
1664 1663 1793 1695 corpo-

1038 1720 1128 1744 reae
1161 1711 1247 1744 moli
1281 1711 1498 1752 comparata
1530 1708 1690 1749 simplex
1726 1708 1792 1746 est,

1041 1765 1087 1797 ad
1114 1765 1276 1798 divinam
1302 1765 1426 1797 tamen
1447 1763 1647 1796 essentiam
1667 1761 1727 1794 vel
1748 1761 1793 1793 ad

1040 1818 1304 1860 intelligentias
1331 1817 1451 1850 relata
1477 1825 1499 1849 a
1525 1815 1681 1856 simplici
1708 1822 1793 1847 esse

1041 1872 1263 1904 varietatum
1308 1870 1554 1912 possibilitate
1607 1868 1794 1901 discordat

1041 1925 1161 1965 92,15.
1213 1933 1245 1957 a.
1275 1924 1431 1965 quieta
1456 1923 1683 1964 sempiterna
1707 1922 1795 1954 nata

1042 1978 1139 2018 67‚5.
1182 1978 1303 2010 motus
1346 1976 1532 2009 immobile
1576 1975 1794 2016 principium

1042 2032 1163 2071 94,24.
1180 2048 1218 2053 -
1230 2032 1264 2063 2.
1282 2028 1793 2070 Verbinduwymitdemlso'r-

1037 2093 1119 2126 per.
1165 2084 1205 2124 a)
1235 2093 1267 2117 a.
1295 2092 1339 2117 eo
1367 2084 1445 2116 solo
1478 2083 1645 2124 phisicae
1677 2081 1795 2122 inqui-

1043 2138 1184 2171 sitionis
1212 2137 1504 2179 speculationem
1531 2135 1677 2168 admisit
1698 2134 1795 2175 quod

1042 2191 1190 2232 corpori
1216 2191 1319 2223 unita
1344 2191 1402 2223 est
1429 2190 1504 2229 1,4.
1556 2198 1588 2221 a.
1614 2188 1794 2229 perfectio

1043 2243 1099 2284 (ε
1123 2244 1240 2284 actus)
1286 2243 1453 2284 corporis
1500 2242 1572 2282 3,2.
1618 2242 1714 2281 93‚2.
1751 2258 1795 2263 —

1045 2297 1078 2338 b)
1108 2307 1140 2331 a.
1169 2307 1191 2330 a
1216 2297 1398 2338 principio
1426 2296 1680 2337 conceptionis
1699 2295 1796 2327 inest

1044 2351 1244 2385 seminibus
1280 2350 1474 2391 permixtis
1507 2358 1537 2382 c.
1570 2349 1658 2382 XIII.
1710 2357 1742 2381 a.
1774 2356 1796 2380 a

1044 2406 1212 2438 creatore
1228 2403 1352 2436 statim
1363 2403 1563 2435 infunditur
1578 2401 1632 2441 62,
1644 2401 1674 2434 6.
1710 2400 1797 2442 quid

1043 2458 1203 2491 maiores
1220 2457 1265 2489 de
1287 2465 1332 2489 ea
1350 2465 1392 2488 re
1408 2455 1598 2488 docuerint
1616 2455 1670 2494 67,
1682 2454 1735 2487 10.
1751 2470 1794 2475 ——

1045 2508 1075 2552 e)
1104 2520 1178 2543 non
1205 2519 1236 2543 a.
1257 2510 1318 2542 vel
1344 2518 1480 2550 corpus
1507 2508 1638 2541 dormit
1660 2508 1720 2540 vel
1745 2507 1796 2539 di-

1044 2564 1150 2606 gerit,
1195 2563 1437 2600 ratiocinatur
1474 2561 1535 2593 vel
1573 2561 1694 2599 sentit,
1731 2560 1797 2592 sed

1045 2617 1181 2650 animal
1208 2616 1305 2655 92,1.
1330 2631 1373 2635 —
1403 2614 1439 2653 d)
1469 2623 1500 2647 a.
1528 2613 1694 2654 corporis
1720 2613 1797 2645 uni-

1045 2670 1145 2703 tione
1166 2668 1425 2702 consternatur
1445 2667 1541 2707 67,6.
1564 2683 1604 2688 -
1634 2665 1668 2706 e)
1693 2666 1795 2705 (Sita)

1045 2732 1077 2756 a.
1105 2723 1244 2755 certam
1269 2722 1307 2754 in
1333 2728 1489 2762 corpore
1510 2720 1637 2752 sedem
1658 2719 1798 2752 obtinet

1046 2776 1143 2815 39,2.
1171 2783 1234 2807 cor
1262 2769 1428 2817 (sinister
1453 2773 1575 2806 cordis
1600 2770 1797 2812 thalamus)

1046 2829 1190 2862 animae
1206 2827 1426 2861 domicilium
1442 2826 1539 2866 20‚3.
1558 2826 1612 2865 23,
1624 2826 1655 2859 8.
1677 2825 1797 2865 33,18.

1047 2882 1162 2921 43,10.
1178 2881 1299 2920 45,20.
1317 2880 1412 2920 86,9.
1441 2889 1473 2913 a.
1486 2879 1613 2912 sedem
1630 2887 1704 2911 non
1716 2887 1798 2919 per-

1045 2936 1162 2968 mutat
1188 2934 1308 2973 43,11.
1327 2934 1380 2966 16.
1429 2942 1460 2966 a.
1480 2931 1674 2965 immobilis
1701 2931 1798 2971 39,1.

1047 2989 1102 3027 94,
1112 2988 1167 3021 24.
1195 2996 1227 3020 a.
1242 2995 1315 3019 non
1329 2987 1499 3019 movetur
1512 2986 1678 3018 localiter
1691 2993 1799 3025 prae-

1045 3042 1216 3082 terquam
1254 3033 1455 3073 secundum
1500 3039 1672 3072 accidens
1699 3038 1798 3074 345.

1047 3110 1092 3116 —
1120 3091 1151 3134 r)
1183 3090 1384 3135 (Medium)
1418 3101 1552 3133 corpus
1579 3092 1616 3124 et
1641 3091 1800 3124 animam

1657 3150 1703 3183 7.
