2106 3487
50 602 89 634 p.
100 593 146 625 88
159 592 314 625 Barach

339 198 383 236 14
948 197 1002 233 De
1028 199 1127 233 motu
1153 197 1275 233 cordis
1301 209 1331 233 c.
1359 198 1390 233 4.

339 304 505 355 stupidi
538 304 825 354 quandoque,
859 305 1077 353 tanquam
1109 302 1230 343 vitae
1264 304 1502 343 constante
1544 302 1805 353 primordio,
1849 301 1964 344 aridi
1979 296 2011 352 ¹)

339 387 448 417 vero
491 375 754 425 neutiquam
766 381 796 414 1².
859 374 1071 425 Egressio
1115 384 1294 423 quoque
1341 374 1544 414 eiusdem
1585 374 1770 425 spiritus
1812 385 1840 414 a
1878 373 2012 414 mori·

339 445 523 486 bundob
567 445 713 495 ipsam
759 444 897 484 vitam
943 444 1078 484 etiam
1119 454 1272 484 secum
1317 444 1512 485 educere
1554 446 1746 484 testatur
1787 455 1847 484 ex
1891 444 2012 484 altoc

340 516 541 558 anhelitu
580 517 624 556 et
669 516 874 555 saltuosa
912 514 1242 565 spiritualiumd
1281 515 1480 555 motione
1526 515 1863 556 extremitatum
1902 525 2011 565 quo-

341 595 455 638 quee
474 587 822 638 infrigidatione,
844 589 1061 636 tanquam
1084 597 1156 626 ca·
1184 581 1190 637 Ι
1220 586 1350 626 lorisf
1371 586 1629 627 exstincto&
1647 586 1801 626 fomite
1813 586 1846 627 h.
1866 582 2012 626 Huius
2032 592 2049 618 ⁵

340 659 538 710 quoquei
559 658 742 708 spiritus
758 657 974 698 continua
989 659 1057 697 est
1071 657 1116 697 in
1133 658 1270 697 corde
1285 657 1519 708 generatio
1536 658 1594 698 ad
1616 657 1877 698 continuam
1891 657 2013 698 vitae

339 730 604 779 custodiam,
627 731 675 769 ut
688 739 774 769 nec
795 730 1161 768 momentaneam
1177 728 1351 778 ipsiusk
1375 728 1645 769 carentiam¹
1666 727 1760 768 vita
1776 728 2013 768 sustineat.

480 800 524 840 4.
553 799 652 840 Cor
678 799 814 850 igitur
840 799 984 839 vitae
1013 799 1342 839 domicilium
1370 799 1626 849 pronuntio.
1684 798 1737 838 Et
1762 798 1865 839 ideo
1892 798 2014 839 vitae

339 872 583 913 consulens
610 871 732 911 Deus
759 881 906 911 venae
940 870 1165 911 cuilibetm
1199 870 1455 910 arteriam
1483 870 1766 920 supposuitn,
1800 871 1878 910 uto
1910 870 2014 911 sub-

339 943 443 984 iecti
483 942 679 983 calorisp
721 941 995 982 adminiculo
1039 941 1257 992 sanguisq
1302 941 1536 981 efficacius
1581 941 1803 981 concedat
1815 935 1850 989 2)
1892 941 2013 992 dige-
2038 947 2068 972 ¹0

339 1014 485 1062 stioni,
521 1015 564 1054 et
598 1013 718 1053 vitae
752 1012 968 1053 continua
1000 1012 1056 1052 sit
1089 1012 1254 1052 infusio
1268 1006 1316 1060 3).

955 1165 1283 1216 Capitulum
1322 1165 1394 1206 IV.

902 1254 966 1306 De
997 1253 1257 1319 positioner
1289 1253 1453 1307 cordis

484 1363 525 1403 1.
562 1362 762 1403 InventiS
788 1361 924 1412 igitur
951 1361 1162 1401 domicilii
1191 1361 1474 1411 positionem,
1503 1360 1892 1411 compositionem,
1927 1360 2014 1401 dis·

342 1434 611 1485 positionem
645 1433 702 1474 ad
734 1433 871 1472 totius
911 1432 1084 1482 operist
1131 1432 1404 1472 evidentiam
1445 1443 1682 1482 ponamus.
1747 1431 1847 1472 Cor
1877 1431 2014 1483 igitur
2035 1444 2068 1471 1⁵

340 1506 620 1546 membrumu
647 1515 862 1545 carneum
892 1506 960 1544 est
973 1510 1003 1552 v,
1038 1503 1211 1544 solidae
1242 1503 1537 1552 substantiae,
1566 1503 1782 1554 figuraew
1802 1503 2014 1544 conoida-

341 1578 395 1617 lis
407 1572 478 1626 ³1⁴),
501 1582 794 1623 concavumy,
814 1575 956 1614 tribus
978 1574 1154 1614 cellulis
1169 1574 1442 1623 distinctum,
1465 1574 1509 1613 in
1530 1574 1798 1614 medietatez
1815 1573 2014 1624 pectoris

341 1649 613 1689 collocatum
635 1648 678 1687 et
690 1653 730 1673 ⁸²²
750 1646 794 1685 in
816 1645 1046 1685 sinistrum
1069 1645 1302 1685 declinans
1315 1644 1368 1693 bb,
1390 1645 1491 1685 basi
1511 1644 1714 1685 insidens
1725 1651 1774 1694 00,
1803 1638 2014 1692 cellula⁵)

341 1729 458 1769 quae
509 1717 644 1758 sibidd
694 1717 739 1756 in
782 1716 881 1756 basi
925 1717 1100 1756 tantum
1112 1721 1149 1742 ee
1182 1715 1415 1755 collimitat
1430 1708 1464 1763 6)
1499 1716 1777 1755 conclusum.
1855 1714 2014 1765 Capite

483 1849 497 1864 ¹¹
523 1850 709 1882 nunquam
734 1840 773 1878 Ο,
801 1847 1037 1880 nequaquam
1059 1837 1160 1871 PlD
1258 1839 1271 1860 ὓ
1292 1839 1435 1871 mortuo
1463 1838 1496 1878 V,
1524 1839 1635 1872 corde
1649 1835 1695 1878 A,
1722 1838 1922 1880 primordio
1947 1836 2014 1878 Pl,

341 1902 480 1935 morido
508 1900 596 1934 P2L
741 1905 754 1921 0
782 1900 854 1932 alio
882 1897 946 1937 Pl,
981 1898 1071 1930 fehlt
1096 1898 1124 1930 A
1249 1898 1262 1919 d
1293 1898 1484 1938 spirituum
1512 1898 1578 1930 AL
1610 1896 1727 1937 (auch
1753 1898 1813 1931 die
1836 1897 2016 1939 Eoezerpte

341 1962 419 1994 cod.
448 1961 533 1993 Par.
562 1960 654 1992 6443
682 1959 805 1992 haben
832 1956 1091 1999 spiritualium)
1221 1963 1234 1979 θ
1261 1957 1610 1998 extremitatumque
1643 1955 1758 1996 (ohne
1794 1953 1957 2000 quoque)
1990 1955 2019 1989 V

343 2022 351 2043 ¹
376 2021 510 2053 coloris
525 2019 614 2052 P2L
712 2025 727 2046 g
743 2019 774 2050 A
796 2018 863 2050 hat
885 2025 947 2050 am
964 2016 1097 2049 Ranae
1119 2016 1178 2049 als
1200 2017 1312 2049 varia
1333 2016 1458 2049 lectio:
1484 2017 1730 2049 exterminato
1828 2017 1843 2039 ¹¹
1865 2017 1965 2050 fonte
1991 2017 2020 2050 V

341 2092 351 2116 ι
376 2081 500 2121 itaque
527 2080 553 2112 L
651 2079 665 2100 k
693 2079 771 2111 eius
798 2078 824 2110 L
923 2077 929 2098 ¹
956 2077 1122 2109 carentia
1147 2075 1201 2108 Pl
1302 2081 1324 2097 ¹¹²
1351 2076 1546 2109 cuiuslibet
1571 2074 1626 2109 Ρ2
1724 2082 1738 2098 ¹¹
1766 2076 1941 2117 supponit
1964 2075 2014 2110 Ρ1

342 2147 356 2163 ⁰
383 2142 446 2173 aut
470 2138 523 2173 P¹
624 2144 638 2165 Ρ
665 2138 799 2171 coloris
825 2135 881 2169 P2
979 2143 993 2163 q
1021 2136 1211 2177 sanguinis
1241 2135 1271 2168 Ο
1377 2141 1388 2157 r
1415 2135 1667 2176 propositione
1698 2135 1727 2168 O
1837 2142 1848 2158 ⁸
1873 2136 2014 2169 inueni-

342 2200 416 2232 enti
443 2197 495 2231 Ρ1
607 2201 614 2219 ¹
640 2197 807 2237 corporis
834 2193 993 2228 P10P‘2
1101 2200 1115 2216 ¹¹
1142 2194 1307 2226 membra
1332 2194 1359 2226 L
1462 2199 1476 2214 v
1503 2194 1595 2226 fehlt
1619 2193 1652 2226 P
1662 2193 1674 2215 ¹
1790 2199 1813 2215 w
1840 2194 1957 2235 figere
1986 2193 2016 2227 0

342 2264 358 2280 ¹
384 2257 615 2291 conthidialis
642 2256 675 2295 V,
735 2255 939 2288 candidalis
969 2253 1008 2293 O,
1060 2253 1289 2286 deonoidalis
1316 2251 1374 2291 ΡΙ,
1425 2252 1629 2285 conoidalis
1654 2251 1713 2292 P2,
1771 2253 1962 2286 conidialis
1987 2252 2015 2286 L

343 2324 358 2345 y
384 2325 588 2350 concavum
614 2314 675 2354 (A)
714 2315 805 2347 fehlt
836 2312 921 2346 VP1
940 2311 1029 2345 01³2
1042 2312 1078 2345 L.
1138 2312 1188 2344 Es
1220 2312 1317 2344 steht
1358 2311 1449 2344 aber
1478 2321 1518 2353 p.
1546 2312 1632 2350 1634
1667 2312 1723 2344 bei
1750 2312 1816 2345 der
1845 2312 2015 2353 Beyrizn-

345 2377 449 2417 duny
476 2376 542 2408 der
568 2375 650 2408 hier
674 2374 885 2414 yeyebenen
911 2373 1221 2412 Bestimmunyen
1338 2376 1351 2392 2
1377 2371 1538 2403 mediate
1563 2371 1591 2403 L
1707 2377 1739 2394 ⁸³
1765 2373 1822 2404 est
1851 2371 1897 2410 0;
1925 2371 2017 2404 fehlt

342 2434 472 2468 P2LD
570 2435 602 2456 bb
629 2434 819 2466 destinans
845 2430 898 2464 Ρ2
995 2436 1025 2453 ⁰0
1053 2431 1220 2463 residens
1250 2430 1279 2462 O
1380 2430 1412 2451 Μ
1441 2432 1497 2462 est
1526 2429 1555 2462 0
1664 2436 1695 2452 02
1721 2431 1862 2463 tantum
1888 2430 2014 2463 vorin

342 2495 424 2528 basi
444 2495 485 2531 V.
513 2495 652 2527 tantum
682 2493 705 2530 —†
750 2494 872 2525 tamen
899 2490 968 2530 (ῐῆ)
999 2490 1027 2522 O

485 2607 513 2648 ¹)
541 2606 661 2640 aridi:
686 2606 760 2647 vgl.
788 2604 883 2637 oben
910 2613 944 2644 p.
973 2603 1004 2642 9,
1022 2602 1053 2635 6.
1083 2601 1193 2641 13,11
1224 2602 1406 2634 arefacta.

484 2665 514 2706 2)
541 2665 738 2699 concedat.-
764 2664 837 2705 vgl.
866 2662 899 2695 S.
928 2662 947 2694 8
975 2662 1078 2694 Anm.
1107 2662 1138 2694 4.
1269 2659 1299 2700 3)
1326 2660 1406 2702 Vgl.
1433 2669 1463 2693 c.
1493 2660 1546 2700 16,
1562 2660 1593 2693 6.

484 2726 512 2765 ⁴)
539 2726 614 2758 Das
629 2725 665 2757 in
680 2725 751 2757 den
764 2721 1049 2756 Handschriften
1069 2720 1306 2761 mannigfach
1320 2720 1505 2752 entstellte
1520 2719 1622 2752 Wort
1642 2721 1690 2753 ist
1703 2720 1771 2753 das
1784 2721 2014 2762 griechische

345 2782 550 2827 κωνοειὸής
568 2780 855 2825 (kegelffirmig).
906 2780 1109 2813 Irrtiimlich
1135 2779 1249 2812 denkt
1272 2779 1416 2812 Bai-ach
1443 2788 1489 2811 an
1516 2778 1655 2819 κοντός,
1683 2780 1808 2813 hasta,
1858 2781 1923 2813 Bei
1949 2781 2015 2814 der

344 2845 508 2877 naheren
532 2843 770 2882 Ausfiihrung
796 2850 831 2881 p.
861 2839 915 2878 16,
931 2839 950 2871 3
979 2838 1075 2871 steht
1100 2837 1207 2870 dafiir
1227 2837 1408 2878 pinealis.

485 2901 515 2942 5)
543 2901 699 2934 cellula:
732 2899 912 2933 natiirlich
939 2906 1012 2930 von
1039 2898 1109 2929 den
1135 2896 1251 2929 sehon
1285 2896 1531 2929 behandelten
1560 2897 1720 2930 cellulae
1753 2898 2013 2938 verschieden;

345 2962 411 2994 der
435 2961 656 2994 Herzbeutel
682 2960 729 2992 ist
754 2958 925 3000 gemeint.

485 3019 514 3059 6)
542 3019 760 3052 collimitat:
797 3017 818 3049 i.
847 3025 878 3049 e.
912 3015 1068 3048 eundem
1100 3014 1250 3046 limitem
1277 3014 1398 3053 habet,
1433 3017 1625 3055 anyrenzl,
1667 3016 1781 3049 sehon
1825 3017 2012 3057 spatlatei-

344 3080 465 3118 nisch;
491 3079 536 3111 ci.
567 3079 668 3111 Thes.
697 3078 853 3117 linquae
881 3075 944 3107 lat.
971 3074 1015 3106 III
1044 3073 1131 3106 1624
1149 3073 1171 3104 f.
