1961 3507
640 523 1113 590 Inhaltsangabe.

1622 670 1706 697 Seite

39 719 266 759 Einleitung
326 743 1456 754 ....................
1486 721 1587 753 VII—
1598 721 1707 754 XVIII

39 785 184 826 Liber
202 785 424 836 magistri
438 786 638 826 Alvredi
659 786 722 826 de
738 786 975 826 Sareshel
990 787 1055 826 ad
1072 786 1362 836 magistrum
1377 794 1612 837 magnum

111 857 449 897 Alexandrum
481 857 707 907 Nequam
740 857 803 897 de
836 857 975 897 motu
1008 858 1174 897 cordis
1247 888 1550 896 ......
1592 864 1706 896 1—96

111 932 308 973 Prologus
359 959 1610 967 ......................
1688 935 1704 966 1

111 991 335 1032 Capitulum
360 992 388 1024 Ι.
440 992 543 1029 Quod
570 992 646 1024 vita
672 993 718 1024 sit
744 992 899 1025 effectus
926 993 1064 1033 primus
1091 993 1236 1025 animae
1261 993 1296 1025 in
1324 1001 1481 1034 corpore
1545 1019 1552 1026 .
1605 1019 1611 1025 .
1689 995 1707 1025 5

111 1050 336 1091 Capitulum
361 1051 406 1083 II.
457 1051 561 1088 Quod
588 1052 726 1084 certum
752 1052 863 1084 habet
888 1052 925 1084 in
951 1060 1106 1092 corpore
1132 1053 1209 1084 vita
1234 1052 1454 1084 domicilium
1486 1078 1492 1084 .
1545 1078 1551 1085 .
1604 1079 1610 1085 .
1687 1054 1706 1085 9

112 1109 337 1150 Capitulum
363 1110 425 1144 III.
477 1110 582 1147 Quod
607 1119 671 1142 cor
703 1111 922 1143 domicilium
956 1112 1013 1143 est
1038 1111 1137 1143 vitae
1188 1134 1610 1144 ........
1665 1113 1706 1144 12

111 1168 336 1209 Capitulum
361 1169 422 1201 IV.
472 1169 526 1201 De
553 1170 736 1209 positione
763 1170 884 1202 cordis
952 1193 1610 1203 ............
1664 1171 1706 1203 14

111 1227 336 1268 Capitulum
362 1228 405 1260 V.
456 1228 509 1260 De
534 1229 785 1261 instrumentis
813 1230 931 1261 motus
958 1229 1079 1261 cordis
1129 1255 1610 1262 .........
1665 1230 1707 1262 17

112 1287 336 1327 Capitulum
361 1288 423 1320 VI.
474 1287 639 1324 Qualiter
664 1288 730 1320 fiat
755 1289 875 1320 motus
901 1288 1022 1320 cordis
1073 1312 1612 1321 ..........
1665 1289 1705 1321 21

112 1346 337 1387 Capitulum
363 1347 442 1379 VII.
493 1347 546 1379 De
573 1347 695 1379 causis
721 1348 841 1380 motus
868 1347 990 1379 cordis
1011 1372 1611 1380 ...........
1664 1348 1708 1380 25

112 1405 336 1446 Capitulum
356 1406 452 1438 VIII.
504 1406 608 1443 Quod
633 1408 753 1438 motus
780 1407 900 1438 cordis
936 1407 983 1438 sit
1015 1406 1233 1447 principium
1269 1407 1427 1439 omnium
1462 1407 1615 1440 aliarum

183 1465 354 1497 virtutum
417 1490 1612 1499 .....................
1665 1466 1708 1498 30

113 1523 338 1564 Capitulum
364 1524 425 1556 IX.
475 1524 527 1556 De
555 1525 682 1564 specie
709 1525 828 1556 motus
855 1524 976 1556 cordis
1013 1549 1614 1557 ...........
1665 1525 1708 1557 35

113 1582 338 1623 Capitulum
363 1583 407 1615 X.
457 1583 510 1616 De
537 1584 668 1624 spiritu
716 1609 1611 1617 ................
1664 1584 1707 1616 37

113 1641 337 1682 Capitulum
362 1642 424 1674 XI.
476 1642 580 1678 Quod
606 1642 756 1683 spiritus
783 1643 881 1675 vitae
907 1651 981 1675 non
1006 1644 1184 1681 movetur,
1212 1643 1278 1675 sed
1306 1643 1345 1675 iit
1377 1643 1616 1676 irradiatione

182 1702 325 1734 virtutis
362 1726 1613 1735 ......................
1666 1702 1709 1735 46

113 1759 337 1800 Capitulum
362 1760 442 1792 XII.
493 1760 597 1797 Quod
636 1761 786 1801 spiritus
821 1761 920 1792 vitae
956 1769 978 1792 a
1015 1760 1196 1801 principio
1233 1761 1485 1801 conceptionis
1521 1762 1617 1794 inest

184 1819 384 1851 seminibus
412 1819 604 1859 permixtis
661 1843 1613 1852 .................
1667 1821 1709 1852 56

115 1876 340 1917 Capitulum
364 1877 461 1909 XIII.
513 1877 617 1914 Quod
638 1877 761 1910 anima
781 1886 804 1909 a
826 1877 1006 1917 principio
1027 1877 1279 1918 conceptionis
1300 1878 1396 1910 inest
1416 1878 1615 1911 seminibus

185 1936 377 1977 permixtis
422 1959 1614 1970 .....................
1667 1938 1709 1970 62

113 1995 338 2036 Capitulum
363 1995 460 2028 XIV.
510 1996 563 2029 De
601 1996 820 2028 formatione
859 1996 980 2028 cordis
1016 1997 1052 2028 et
1089 1996 1342 2028 nutritivarum
1383 1996 1541 2037 partium
1580 1997 1617 2029 in

185 2055 372 2088 embrione
418 2078 1610 2089 .....................
1665 2057 1709 2089 70

115 2112 340 2155 Capitulum
353 2114 429 2147 XV.
457 2114 511 2147 De
524 2114 742 2147 formatione
763 2114 905 2147 cerebri
926 2116 962 2147 et
983 2114 1183 2146 zoticarum
1199 2114 1370 2146 virtutum
1386 2115 1617 2147 ordinatione

185 2174 222 2206 in
249 2174 437 2206 embrione
482 2199 1614 2207 ....................
1668 2175 1710 2207 75

115 2233 340 2274 Capitulum
365 2233 462 2265 XVI.
512 2233 616 2270 Quod
644 2233 766 2266 anima
791 2233 974 2265 mediante
1001 2233 1131 2273 spiritu
1157 2233 1255 2265 vitae
1289 2242 1416 2266 omnes
1449 2234 1617 2274 corporis

187 2293 357 2343 animal-is
384 2293 538 2325 virtutes
563 2293 600 2325 in
628 2294 748 2325 actum
774 2293 942 2333 producit
958 2317 1615 2326 ............
1668 2293 1710 2325 84

77 2358 101 2390 Ι.
128 2357 500 2390 Namenverzeichnis
525 2367 607 2390 zum
633 2358 749 2390 Texte
777 2383 1615 2390 ...............
1668 2357 1711 2390 97

64 2417 105 2450 ΙΙ.
132 2417 527 2449 Autorenverzeichnis
555 2426 599 2449 zu
626 2417 696 2449 den
722 2416 1011 2457 Anmerkungen
1074 2441 1616 2449 ..........
1668 2416 1712 2449 98

45 2476 99 2509 III.
127 2476 366 2508 Verzeichnis
393 2476 643 2517 griechischer
668 2476 741 2508 und
768 2475 977 2517 griechisch
1002 2475 1207 2517 gebildeter
1233 2475 1379 2507 Worter
1433 2501 1438 2508 .
1492 2501 1498 2507 .
1551 2501 1558 2508 .
1611 2501 1617 2508 .
1668 2475 1711 2508 99

46 2535 103 2568 IV.
130 2535 248 2568 Wort-
274 2535 348 2568 und
373 2534 630 2577 Sachregister
662 2557 1616 2568 .................
1669 2534 1712 2567 99

128 2594 370 2627 Druckiehler
424 2618 1616 2627 .....................
1646 2593 1685 2625 11
1693 2593 1712 2625 4
