2106 3487
690 161 748 198 IV.
776 162 893 198 Wort-
918 166 993 198 und
1018 162 1284 208 Sachregister.

197 261 304 295 malis
330 249 570 304 panspermia
596 265 653 296 est
679 264 799 304 63,20.
846 274 949 306 sper·
985 262 988 271 “

197 317 296 349 mata
321 316 477 356 piscium
503 317 623 356 61,16.

150 369 311 410 spiritus.
338 369 392 401 De
418 370 548 410 spiritu
574 378 604 402 c.
625 370 666 402 X.
692 387 738 391 -—
766 370 797 402 1.
825 370 948 403 Wesen

198 422 281 454 und
300 422 613 462 Eiyensohaften:
637 419 674 462 a)
700 423 849 463 spiritus
870 432 949 455 cor-

197 483 267 515 pus
299 475 563 507 metheoricum
596 475 719 508 habile
758 475 875 508 fluere
912 476 949 508 in

196 528 460 569 longitudinem
484 527 627 569 (Arist.)
651 529 822 568 39‚18.—
840 526 873 568 b)
892 538 948 570 sp.

195 589 264 613 nec
289 581 401 622 plane
428 582 603 614 sensibile
628 590 697 614 nec
724 582 871 614 omnino
896 582 949 614 in-

198 642 416 674 corporeum
444 634 542 674 38‚6.
587 634 738 675 spiritus
766 634 948 667 subtilitas

197 686 317 725 38‚15.
347 703 388 707 —
417 686 448 725 e)
476 695 532 727 sp.
559 687 745 719 vinculum
781 686 948 727 corporis

197 740 232 772 et
264 740 410 772 animae
437 740 534 779 39‚8.
567 740 727 772 medium
754 739 874 778 3725.
903 757 947 762 —

195 793 228 825 2.
254 793 512 833 Entstehuny:
538 790 576 833 a)
619 802 675 834 sp.
702 793 744 825 fit
780 801 803 825 a
834 801 949 825 causa

194 846 397 879 intrinseca
412 846 532 885 52,12.
578 846 729 887 spiritus
757 854 873 878 causa
895 846 947 877 in-

195 907 378 939 corporea
416 899 512 939 55,3.
564 899 715 940 spiritus
754 898 946 940 generatio

194 959 316 992 neque
342 960 390 984 ex
417 953 540 984 calore
576 953 633 984 est
664 960 786 992 neque
814 960 862 983 ex
882 959 946 983 na-

195 1005 277 1037 tura
297 1005 364 1037 sed
384 1006 429 1038 ab
452 1005 598 1038 anima
617 1005 741 1044 50,13.
780 1004 831 1037 Cf.
850 1004 945 1043 62,6.

194 1066 249 1098 sp.
265 1058 404 1098 primus
414 1058 559 1091 animae
567 1059 671 1091 actus
681 1057 801 1097 40,10.
824 1057 947 1090 anima

194 1119 242 1143 ex
268 1111 450 1152 sanguine
472 1111 638 1152 spiritum
658 1111 838 1152 producit,
862 1118 946 1150 pro-

194 1164 340 1197 ductum
367 1165 447 1198 sine
474 1165 593 1197 medio
621 1165 667 1197 ad
691 1164 946 1205 operationem

194 1218 356 1258 disponit
383 1218 479 1257 87,4.
522 1217 645 1250 anima
671 1216 946 1249 subtilissimam

193 1272 334 1311 partem
363 1271 553 1312 sanguinis
580 1270 704 1303 calore
722 1270 758 1302 in
779 1269 945 1310 spiritum

194 1324 314 1357 subito
349 1325 534 1365 permutat
573 1323 694 1363 42,15.
747 1323 799 1356 Cf.
821 1322 944 1361 26,11.

194 1376 315 1416 28‚11.
337 1377 436 1416 41,2.
475 1386 531 1417 sp.
558 1374 688 1416 (vitae)
710 1376 866 1417 augetur
886 1383 945 1407 ca-

192 1429 270 1462 lore
285 1430 432 1462 vivifico
448 1429 545 1469 65,4.
575 1429 626 1462 Gr.
643 1429 750 1461 calor
771 1428 789 1460 2
817 1428 879 1466 θβ.
899 1445 946 1449 -—

195 1482 231 1522 b)
253 1483 402 1523 spiritus
428 1482 619 1515 materia
644 1481 884 1514 subtilissima
910 1481 946 1513 et

192 1536 393 1576 purissima
417 1544 507 1577 pars
533 1535 723 1577 sanguinis
756 1534 801 1566 ab
835 1535 945 1574 epate

193 1589 239 1621 ad
265 1597 329 1621 cor
360 1588 595 1621 ascendentis
623 1587 719 1630 40,6.
773 1587 824 1620 Cf.
848 1587 943 1625 22,9.

196 1641 314 1680 42,15.
337 1642 463 1681 46,19.
485 1641 605 1674 8621.
634 1641 730 1680 87,1.
752 1641 783 1673 4.
812 1639 867 1679 88,
889 1639 944 1672 25.

195 1694 363 1735 spiritum
389 1691 569 1736 (spiritum
596 1692 713 1733 vitae)
747 1701 869 1733 neque
897 1701 945 1725 ex

192 1748 323 1788 spiritu
351 1747 510 1780 naturali
530 1755 653 1788 neque
675 1755 722 1779 ex
743 1747 829 1778 a'ere
850 1744 944 1786 (pul-

191 1799 375 1839 monibus)
415 1801 571 1833 attracto
607 1799 778 1841 generari
811 1798 941 1838 40,8--

193 1854 247 1893 42,
260 1854 292 1887 3.
337 1853 528 1895 sanguinis
549 1854 692 1894 partem
709 1852 944 1893 purissimam

193 1907 286 1939 sicut
311 1907 348 1939 in
375 1906 486 1939 corde
513 1906 566 1938 sic
594 1906 631 1938 et
661 1905 698 1937 in
731 1905 876 1937 arteriis
907 1904 944 1936 in

191 1960 360 2000 spiritum
388 1959 543 1992 animari
570 1958 683 1998 aliqui
709 1956 836 1997 (falso)
867 1958 943 1998 opi-

190 2014 267 2046 nati
306 2014 390 2046 sunt
428 2012 550 2052 46,19.
602 2011 821 2053 digestionis
859 2011 943 2043 finis

190 2066 341 2107 spiritus
365 2062 495 2108 Ι49,19.
546 2073 664 2106 vapor
702 2064 737 2096 in
777 2064 943 2104 spiritum

191 2120 357 2152 converti
383 2119 516 2152 habilis
543 2118 639 2157 62,3.
668 2135 710 2139 -
738 2114 768 2157 ο)
793 2117 943 2158 spiritus

191 2171 262 2214 (sp.
289 2171 404 2212 vitae)
432 2181 454 2205 a
479 2172 660 2213 principio
689 2171 942 2212 conceptionis

190 2227 392 2259 seminibus
436 2226 533 2257 inest
577 2224 770 2266 permixtis
804 2232 833 2256 c.
869 2224 941 2256 XII.

191 2288 247 2320 sp.
274 2279 491 2312 naturaliter
523 2278 655 2311 semini
693 2277 791 2309 inest
822 2276 941 2316 3822.

190 2341 246 2373 sp.
272 2332 371 2365 vitae
397 2332 592 2364 comitatur
618 2331 754 2364 effecta
778 2330 944 2363 membra

189 2386 366 2418 interiora
405 2385 501 2424 65,3.
527 2401 573 2406 —
601 2382 641 2426 d)
675 2393 729 2425 sp.
770 2383 943 2416 continue

190 2440 390 2480 generatur
410 2438 510 2477 23,1,
533 2438 656 2477 47,14.
678 2437 799 2477 86,18.
846 2445 942 2469 com-

189 2492 377 2533 plantatus
404 2493 461 2524 est
481 2500 549 2532 sp„
569 2500 643 2524 non
670 2491 767 2531 quod
786 2499 859 2523 non
879 2498 942 2522 ex-

190 2545 300 2585 halet,
336 2545 403 2578 sed
430 2545 528 2584 quod
559 2552 747 2584 nunquam
781 2543 943 2576 totaliter

190 2598 359 2639 exspirat
385 2597 504 2637 52,11.
528 2614 568 2618 -—-
591 2596 625 2636 e)
650 2597 747 2637 quod
767 2605 822 2637 sp.
843 2596 941 2633 vitae

189 2658 263 2683 non
300 2651 479 2689 movetur,
519 2651 586 2683 sed
625 2650 666 2682 fit
703 2649 941 2682 irradiatione

190 2703 333 2736 virtutis
347 2712 377 2736 c.
389 2703 435 2735 XI
448 2702 505 2742 (cf.
517 2702 752 2741 irradiatio).
792 2702 942 2743 spiritns

190 2757 382 2798 generatio
408 2756 450 2788 fit
481 2757 560 2789 sine
593 2757 760 2797 tempore
792 2754 940 2795 (subito,

191 2809 270 2842 sine
296 2807 410 2849 motu)
445 2810 570 2848 49,10.
598 2809 653 2842 20.
694 2809 796 2848 50,1.
836 2810 940 2849 51,2.

191 2862 310 2902 52,15.
350 2880 394 2884 -
432 2862 466 2900 f)
496 2862 644 2903 spiritus
677 2862 869 2904 generatio
905 2862 940 2894 in

189 2915 301 2947 corde
322 2915 442 2954 47,14.
481 2915 518 2947 in
544 2915 694 2948 sinistro
721 2915 842 2948 cordis
862 2916 940 2948 tha-

189 2967 286 3000 lamo
313 2967 434 3007 42,16.
455 2984 500 2989 -
520 2968 554 3000 3.
576 2967 650 3000 Sita
670 2968 753 3001 und
777 2968 939 3001 Verbrez'-

189 3021 303 3060 tany:
323 3020 363 3059 a)
393 3019 574 3059 (Ptzanze)
596 3030 651 3062 sp.
672 3021 772 3053 vitae
796 3022 941 3054 radices

1753 163 1818 201 111

1069 267 1249 300 inhabitat
1275 268 1311 299 et
1337 276 1463 300 semen
1491 267 1612 307 74,21.
1634 287 1679 292 —
1700 265 1733 309 b)
1757 277 1821 302 cor

1071 320 1263 360 spirituum
1283 320 1438 361 primum
1459 321 1678 355 domicilium
1699 322 1819 361 93‚15.

1071 373 1221 413 spiritus
1260 382 1409 414 semper
1442 374 1479 405 in
1518 375 1628 407 corde
1663 375 1819 408 retentio

1071 425 1192 464 52,18.
1243 426 1280 457 in
1314 427 1469 466 utroque
1506 427 1626 460 cordis
1658 428 1819 460 thalamo

1070 478 1253 518 reperitur
1267 487 1334 518 sp„
1369 479 1433 511 sed
1461 479 1496 511 in
1524 480 1672 512 sinistro
1687 481 1819 521 princi-

1070 532 1195 571 patum
1222 532 1362 563 obtinet
1383 532 1481 570 47,6.
1503 532 1601 571 53,8.
1654 533 1818 573 Cf.19‚5.

1071 584 1102 616 7.
1124 583 1243 622 20,13.
1266 583 1385 622 42,16.
1406 601 1451 605 -
1473 581 1506 625 e)
1534 585 1725 618 cerebrum
1746 587 1819 627 spi-

1069 636 1201 668 rituum
1227 636 1433 677 principale
1457 637 1677 670 domicilium
1699 638 1818 677 81,15.

1070 688 1166 727 89,3.
1217 697 1272 729 sp.
1309 698 1329 721 e
1365 690 1518 722 cerebro
1556 698 1630 722 non
1669 691 1820 723 exhalat

1068 742 1222 782 propter
1254 741 1439 774 viscosam
1474 743 1616 775 cerebri
1651 743 1819 776 substan—

1068 794 1156 826 tiam
1167 794 1262 833 69,2.
1290 795 1474 827 resultans
1495 804 1517 828 a
1535 795 1688 828 cerebro
1703 796 1818 829 virtus

1069 847 1199 887 spiritu
1227 847 1375 879 animali
1401 847 1521 887 replet
1540 856 1676 881 nervos
1698 849 1817 888 45,16.

1067 900 1171 933 nervi
1197 900 1393 933 sensibiles
1426 901 1593 941 spiritum
1623 902 1818 934 animalem

1067 953 1382 994 comprehendunt
1415 953 1511 993 68,6.
1563 955 1693 995 spiritu
1719 955 1818 988 vitae

1067 1015 1090 1039 a
1121 1007 1269 1039 sinistro
1301 1007 1463 1039 thalamo
1499 1007 1628 1040 dextro
1667 1008 1818 1040 admini-

1067 1060 1195 1098 strato,
1222 1059 1403 1100 reliquum
1431 1068 1453 1091 a
1479 1060 1626 1093 sinistro
1648 1060 1739 1094 duce
1761 1070 1817 1093 ar-

1066 1112 1160 1144 teria
1174 1112 1221 1144 ad
1231 1112 1342 1144 totius
1354 1112 1521 1153 corporis
1530 1113 1818 1146 vivificationem

1067 1165 1242 1198 emittitur
1268 1165 1387 1204 20‚l2.
1436 1166 1580 1206 spiritui
1606 1175 1654 1199 ex
1680 1167 1817 1200 subtili-

1068 1219 1141 1251 tate
1158 1219 1274 1250 totum
1294 1227 1430 1259 corpus
1450 1219 1617 1259 pervium
1636 1219 1757 1259 38,15.
1771 1236 1817 1241 —

1067 1271 1106 1310 d)
1135 1271 1285 1311 spiritus
1311 1280 1385 1303 non
1412 1272 1491 1304 fluit
1518 1273 1612 1311 51,1.
1635 1272 1666 1305 3.
1712 1273 1817 1314 spiri-

1068 1324 1117 1356 tui
1152 1324 1284 1364 pulsio,
1323 1325 1465 1363 tractio,
1504 1326 1636 1365 vectio,
1672 1327 1817 1368 vertigo

1066 1386 1140 1409 non
1172 1378 1395 1410 conveniunt
1431 1378 1485 1417 54,
1502 1378 1556 1411 21.
1585 1380 1639 1418 55,
1659 1380 1687 1412 1.
1713 1380 1744 1412 4.
1774 1396 1815 1401 -

1066 1430 1100 1462 4.
1126 1430 1243 1463 Artem
1270 1431 1334 1463 des
1359 1431 1537 1471 spiritus.-
1564 1428 1602 1471 a)
1633 1433 1721 1472 quot
1746 1433 1818 1464 sint

1067 1483 1218 1524 spiritus
1230 1483 1285 1522 42,
1295 1484 1420 1517 4—23.
1432 1493 1527 1524 quae
1538 1485 1702 1525 ipsorum
1714 1486 1818 1518 diffe-

1066 1536 1186 1568 rentia
1225 1536 1361 1576 quique
1399 1536 1626 1578 singulorum
1661 1537 1816 1570 effectus

1068 1589 1104 1621 et
1129 1589 1378 1630 proprietates
1406 1589 1691 1632 42‚24—-44‚18;
1728 1600 1816 1632 qua-

1067 1641 1150 1674 liter
1177 1651 1225 1675 ex
1250 1642 1353 1675 vitali
1379 1643 1444 1675 fiat
1470 1643 1638 1676 animalis
1660 1644 1816 1683 44‚19—

1068 1695 1187 1734 45,26.
1203 1713 1247 1718 -—
1275 1694 1312 1735 b)
1340 1695 1449 1728 duos
1474 1697 1614 1729 tantum
1636 1705 1721 1729 esse
1742 1698 1815 1738 spi-

1065 1748 1156 1780 ritus
1170 1745 1352 1789 (spiritum
1365 1749 1464 1781 vitae
1480 1750 1515 1781 et
1529 1758 1585 1790 sp.
1595 1749 1815 1790 animalem),

1067 1802 1105 1833 ut
1133 1802 1324 1842 praecipui
1362 1802 1493 1842 phisici
1532 1803 1567 1834 et
1605 1803 1816 1844 philosophi

1066 1853 1311 1893 (Aristoteles,
1319 1854 1566 1895 Plat0,Ysaac,
1577 1855 1689 1888 Costa
1696 1855 1816 1889 Lucae

1066 1907 1176 1947 iilius)
1203 1908 1346 1947 docent,
1373 1916 1446 1940 non
1469 1909 1563 1941 tres
1584 1907 1814 1948 (naturalem,

1065 1961 1225 1999 vitalem,
1259 1961 1480 2000 animalem),
1519 1963 1557 1994 ut
1591 1962 1816 1994 medicorum

1065 2014 1168 2047 scola
1193 2015 1350 2047 testatur
1376 2015 1501 2054 40,19.
1530 2016 1584 2053 42,
1603 2015 1634 2047 4.
1663 2015 1718 2048 24.
1758 2023 1813 2056 sp.

1064 2067 1291 2100 naturalis
1320 2067 1415 2105 40,9.
1444 2067 1540 2106 42,4.
1569 2067 1666 2107 48,9.
1694 2067 1814 2107 52,16.

1065 2129 1120 2160 sp.
1147 2120 1269 2152 vitae
1303 2120 1397 2158 13‚8.
1427 2121 1481 2159 15,
1498 2121 1527 2153 4.
1557 2120 1611 2159 18,
1627 2121 1658 2153 7.
1686 2120 1812 2160 20,12.

1066 2173 1335 2212 29,15.31,22.
1362 2173 1417 2212 46,
1434 2173 1464 2206 2.
1493 2173 1523 2206 4.
1553 2173 1607 2212 56,
1627 2173 1657 2205 2.
1686 2173 1813 2212 62,12.

1065 2226 1232 2265 65,3.16.
1260 2225 1315 2263 66,
1329 2227 1359 2259 7.
1388 2226 1509 2265 69,16.
1537 2226 1657 2267 84,13.
1693 2226 1812 2266 86,17.

1065 2280 1162 2319 95,8.
1178 2288 1232 2320 sp.
1248 2279 1371 2312 vitalis
1387 2279 1506 2318 40,21.
1523 2280 1578 2312 22.
1600 2280 1654 2319 44,
1667 2281 1697 2312 5.
1717 2279 1812 2318 48,9.

1065 2332 1184 2371 65,18.
1225 2341 1279 2373 sp.
1302 2332 1513 2365 animalis
1539 2332 1664 2372 29,16.
1691 2331 1812 2371 31,22.

1064 2386 1160 2425 32,1.
1189 2386 1309 2425 40,21.
1337 2385 1391 2418 22.
1420 2385 1516 2425 44,6.
1545 2385 1664 2425 45,16.
1693 2385 1813 2425 65,16.

1066 2439 1118 2472 18.
1147 2439 1202 2478 68,
1219 2439 1249 2472 6.
1278 2438 1398 2478 83,15.
1420 2457 1465 2462 —-
1486 2437 1517 2478 c)
1546 2439 1696 2479 spiritus
1718 2438 1813 2471 ani-

1062 2492 1194 2525 malis
1217 2492 1316 2525 vitae
1343 2492 1473 2533 spiritu
1504 2492 1542 2524 in
1575 2493 1695 2525 actum
1729 2500 1813 2533 pro-

1063 2545 1206 2578 ducitur
1232 2544 1351 2584 31,22.
1380 2545 1476 2584 32,1.
1505 2544 1556 2578 Of.
1579 2544 1700 2584 40,22.
1740 2545 1814 2586 spi-

1062 2599 1153 2631 ritus
1173 2598 1272 2630 vitae
1294 2598 1471 2630 alteratus
1486 2599 1569 2631 actu
1584 2598 1625 2630 fit
1645 2598 1813 2631 animalis

1062 2652 1113 2684 ita
1138 2653 1272 2690 tamen,
1305 2652 1344 2683 ut
1370 2651 1546 2684 alteratus
1572 2651 1695 2684 vitalis
1728 2660 1813 2684 esse

1061 2713 1134 2737 non
1161 2704 1306 2737 desinat
1332 2704 1453 2743 65‚16.
1499 2704 1544 2737 de
1569 2704 1679 2737 modo
1705 2704 1812 2737 huius

1062 2757 1291 2790 alterationis
1319 2757 1498 2798 66,1sqq.
1537 2757 1688 2798 spiritus
1709 2766 1812 2790 suam

1063 2810 1327 2845 animalitatem
1370 2819 1445 2843 non
1489 2819 1658 2843 seorsum
1700 2810 1813 2843 habet

1063 2863 1185 2903 53,15.
1218 2863 1384 2904 spiritum
1405 2863 1611 2896 naturalem
1624 2864 1737 2903 vitali,
1760 2863 1813 2896 vi-

1060 2916 1173 2949 talem
1204 2916 1352 2949 animali
1384 2917 1575 2949 materiam
1604 2925 1688 2949 esse
1724 2915 1811 2956 (me-

1061 2969 1226 3002 dicorum
1239 2969 1342 3002 scola
1359 2967 1482 3010 docet)
1504 2969 1559 3009 48,
1573 2969 1627 3002 10.
1661 2970 1813 3011 spiritus

1061 3022 1160 3055 vitae
1179 3031 1253 3055 non
1277 3022 1399 3055 statim
1426 3031 1575 3055 sensum
1608 3022 1695 3055 iacit
1716 3022 1811 3062 66,7.
