2106 3487
409 694 450 746 Ι.
489 693 1091 749 Namenverzeichnis
1130 714 1265 749 zum
1303 695 1509 753 Texte.

273 856 422 898 Stellen,
450 867 503 892 αη
531 859 651 892 denen
676 859 757 892 sich
781 859 977 893 wortliche
1002 860 1126 893 Zitate
1152 861 1291 901 finden,
1317 862 1408 895 sind
1433 862 1555 895 durch
1580 863 1642 896 ein

690 919 896 952 Sternchen
924 918 973 959 (*)
1003 920 1219 954 bezeichnet.

122 999 341 1033 ABRUGALIS
369 999 453 1041 (ἵζε.
479 1002 739 1044 Empedocles)
768 1004 886 1043 18,10.

123 1051 357 1086 ALEXANDER
368 1054 694 1089 APHRODISIENSIS.
710 1056 924 1089 Alexander

193 1105 230 1138 in
256 1106 349 1139 libro
376 1107 421 1140 de
453 1108 641 1142 intellectu
668 1110 705 1142 et
736 1110 922 1142 intellecto

194 1159 249 1198 59,
267 1159 416 1194 18—-19,

121 1211 357 1246 ALEXANDER
382 1214 544 1247 MACEDO
571 1215 675 1254 4,10.

121 1264 356 1299 ALEXANDER
371 1273 564 1300 NECKHAM.
585 1268 745 1301 Maxime
760 1269 922 1302 Alexan-

193 1318 258 1351 der
285 1320 315 1359 4,
333 1320 363 1353 6.

121 1370 359 1406 ARIOPAGITA
396 1372 434 1413 (i.
462 1383 490 1407 e.
528 1374 726 1415 Dionysius
761 1376 921 1409 Pseudo-

191 1424 314 1467 Areop
320 1424 447 1468 agita),
457 1427 676 1469 Ariopagita
690 1428 727 1460 in
736 1428 922 1462 lerarchia

193 1487 261 1511 sua
287 1479 318 1519 3,
336 1480 366 1513 1.

120 1530 393 1566 ARISTOTELES.
420 1533 444 1566 I.
464 1533 648 1567 Einfache
666 1535 920 1576 Erwcihnuny

193 1583 258 1617 der
271 1584 389 1619 Lehre
414 1586 445 1626 3,
462 1587 492 1619 8,
516 1587 641 1627 18,13.
665 1588 719 1628 19,
736 1588 767 1621 8.
795 1588 917 1628 40,19.

191 1638 287 1677 51,4.
305 1639 358 1672 11.
373 1660 416 1665 —
432 1640 472 1673 II.
484 1641 733 1682 Berufunyen
751 1642 826 1674 auf
836 1643 919 1674 Ari-

190 1688 343 1725 stoteles
368 1694 481 1726 unter
497 1693 656 1734 Anyabe
682 1695 748 1728 der
778 1693 920 1728 Schrit‘t

192 1743 326 1783 (Zitate
356 1747 426 1779 mit
458 1747 644 1780 Wortlaut
669 1748 790 1781 durch
815 1745 835 1764 Ἰ
862 1748 917 1781 be-

190 1798 366 1838 zeichnet)
402 1799 441 1839 α)
459 1799 529 1833 Mit
546 1801 740 1842 Nennuny
759 1801 824 1835 des
837 1801 917 1835 Ver-

190 1850 353 1885 sassers:
376 1853 413 1885 in
439 1853 531 1886 libro
558 1854 603 1886 de
625 1854 767 1887 Phisico
795 1855 919 1888 auditu

189 1904 324 1944 probat
337 1905 558 1939 Aristoteles
572 1905 665 1945 (VIII
680 1906 715 1947 8)
743 1907 798 1947 69,
816 1908 917 1943 1-2.

189 1957 300 1991 Arist.
315 1958 352 1991 in
369 1961 501 2000 quarto
517 1960 789 1993 Metheororum
805 1959 866 2001 (IV
881 1960 918 2001 9)

190 2010 245 2049 39,
263 2012 412 2052 16-40,
430 2014 447 2045 1
476 2011 535 2053 (*).
571 2014 681 2047 Arist.
702 2015 737 2047 in
759 2015 851 2047 libro
873 2015 918 2047 de

190 2065 313 2098 anima
339 2066 393 2104 41,
415 2066 446 2099 3.
484 2067 538 2106 43,
556 2067 587 2099 6.
629 2068 755 2107 55,10.
793 2068 916 2107 94,12.

189 2115 217 2156 (Ι
238 2116 273 2158 2)
301 2119 403 2158 93,1.
426 2118 470 2158 (ΙΙ
490 2118 526 2160 2)
548 2120 605 2160 66,
621 2121 651 2153 3.
679 2119 739 2160 (ΙΙΙ
760 2121 793 2159 4)
813 2121 868 2161 82,
885 2121 916 2154 3.

189 2168 246 2207 (ΙΙΙ
262 2169 297 2211 7)
314 2172 368 2212 10,
385 2173 501 2205 9-12
518 2169 577 2215 (*).
618 2173 728 2206 Arist.
750 2174 787 2206 in
807 2174 916 2206 tertio

189 2223 234 2256 de
270 2225 394 2258 anima
432 2224 489 2266 (ΙΙΙ
517 2226 575 2264 12)
611 2227 667 2266 62,
690 2227 827 2260 17-22
856 2226 914 2267 (*).

187 2276 298 2310 Arist.
326 2279 363 2311 in
394 2279 487 2312 libro
521 2280 566 2313 de
599 2280 722 2313 anima
754 2281 915 2321 capitulo

188 2330 233 2363 de
259 2340 352 2364 voce
376 2333 412 2365 et
438 2341 530 2366 sono
558 2331 602 2372 (11
628 2332 663 2373 8)
692 2334 747 2373 41,
764 2334 914 2366 20-23.

186 2383 297 2417 Arist.
335 2385 372 2418 in
409 2386 502 2419 libro
541 2386 587 2419 de
631 2395 761 2420 somno
800 2385 845 2426 (c.
880 2385 914 2427 2)

189 2436 244 2476 94,
262 2438 373 2470 1-11
393 2437 452 2479 (*).
503 2439 613 2472 Arist.
631 2439 669 2472 in
688 2440 710 2473 1.
726 2440 771 2473 de
786 2448 914 2472 somno

188 2490 224 2522 et
249 2491 377 2532 vigilia
408 2490 454 2531 (c.
482 2492 517 2530 3)
546 2492 601 2532 19,
618 2492 648 2526 8.
690 2494 827 2526 11-13
855 2492 913 2533 (*).

187 2542 296 2577 Arist.
313 2544 349 2576 in
362 2545 456 2578 libro
471 2545 516 2578 de
532 2546 788 2587 exspiratione
803 2548 839 2580 et
858 2555 914 2579 re-

187 2597 392 2637 spiratione
428 2596 473 2637 (c.
509 2597 544 2638 8)
593 2600 824 2639 93,18—19.
868 2618 914 2622 —

188 2648 225 2689 b)
253 2650 322 2683 Miz
341 2651 534 2692 Nennuny
561 2651 627 2685 der
644 2652 795 2692 Sohrit’t,
823 2653 915 2686 aber

187 2703 285 2736 ohne
295 2703 452 2744 Anyabe
463 2704 528 2737 des
545 2705 757 2739 Verfassers
764 2707 914 2739 :librum

186 2756 232 2789 de
266 2757 411 2791 Phisico
445 2759 570 2791 auditu
601 2759 703 2801 legat
729 2760 784 2799 49,
800 2760 831 2793 8.
876 2761 914 2793 in

186 2809 427 2851 Postphisicis
463 2812 518 2851 34,
541 2812 644 2845 6—7.
688 2830 735 2835 —-
773 2812 861 2853 (VII,
878 2810 912 2855 1)

188 2864 242 2903 54,
268 2864 417 2898 19--20.
468 2865 720 2898 Zweifelhat't:
767 2867 913 2900 omissis

186 2916 312 2957 primis
328 2917 616 2959 praecipuisque
638 2919 780 2952 Phisice
801 2920 913 2960 parti-

186 2969 254 3002 bus
282 2970 385 3009 52,1.
444 2971 481 3003 in
520 2971 667 3004 Phisica
705 2972 832 3012 90,14.
867 2989 913 2994 —

186 3022 223 3054 in
236 3022 364 3055 Ethica
379 3021 472 3062 (Eth.
484 3023 560 3057 Nic.
572 3023 647 3064 114)
662 3025 717 3064 90,
729 3026 782 3058 13.
801 3027 854 3059 15.
868 3043 912 3048 —

184 3074 238 3108 III.
276 3075 468 3109 Wb'rtliche
488 3077 606 3110 Zitate
633 3078 732 3111 ohne
755 3078 914 3119 Anyabe

1071 1004 1138 1037 der
1166 1004 1294 1043 Quelle
1321 1012 1394 1037 aus
1415 1005 1566 1038 Meteor.
1595 1003 1656 1045 (IV
1678 1004 1712 1045 1)
1740 1005 1794 1045 49,

1069 1057 1161 1090 5-6
1177 1056 1234 1097 (*).
1280 1057 1333 1090 De
1360 1058 1483 1090 anima
1509 1057 1551 1097 (II
1580 1057 1614 1098 1)
1642 1059 1672 1098 3,
1689 1058 1707 1090 2
1736 1057 1794 1098 (*).

1069 1110 1227 1149 93,2-3
1256 1109 1314 1150 (*).
1353 1129 1397 1134 —
1436 1110 1496 1150 (III
1523 1110 1559 1152 3)
1594 1112 1648 1151 35,
1665 1112 1708 1144 20
1735 1110 1794 1152 (*).

1069 1163 1124 1203 81,
1142 1165 1183 1196 17
1217 1162 1277 1204 (*).
1335 1164 1389 1196 De
1428 1173 1557 1198 somno
1597 1166 1632 1198 et
1669 1166 1796 1207 vigilia

1067 1215 1113 1256 (c.
1134 1214 1168 1257 3)
1208 1217 1416 1256 15,17-18
1440 1230 1480 1243 Ξ
1506 1218 1712 1257 19,11-12
1735 1217 1793 1259 (*).

1067 1269 1227 1310 Metaph.
1244 1268 1305 1310 (IX
1322 1269 1356 1309 1)
1372 1271 1427 1310 90,
1439 1270 1597 1310 8-9(*).
1625 1272 1702 1304 Eth.
1718 1272 1793 1305 Nic.

1067 1321 1128 1360 (ΙΙΙ
1144 1323 1178 1362 1)
1194 1323 1248 1361 36,
1266 1324 1403 1355 14-15
1419 1322 1478 1363 (*).
1496 1341 1542 1345 -
1558 1324 1615 1357 IV.
1632 1325 1793 1357 Pseudo-

1069 1376 1344 1408 aristotelische
1363 1376 1481 1409 Zitate
1509 1377 1548 1416 α)
1580 1379 1691 1410 unter
1712 1378 1794 1411 dem

1068 1429 1103 1461 N
1104 1436 1216 1461 amen
1230 1429 1295 1462 des
1308 1430 1546 1463 Aristoteles:
1566 1431 1608 1463 A.
1624 1431 1660 1463 in
1680 1431 1794 1464 Meta-

1066 1482 1211 1522 phisica
1232 1483 1392 1523 capitulo
1416 1484 1513 1523 quod
1533 1484 1562 1516 K
1584 1484 1794 1517 inscribitur

1067 1535 1097 1573 7,
1115 1535 1230 1568 8—10
1257 1533 1316 1575 (*).
1344 1536 1385 1569 A.
1408 1536 1444 1568 in
1464 1537 1556 1569 libro
1579 1537 1622 1569 de
1643 1539 1793 1578 vegeta·

1064 1588 1196 1621 bilibus
1209 1588 1251 1627 (ΙΙ
1265 1589 1298 1627 7)
1313 1589 1496 1628 56,18-21
1511 1586 1569 1631 (*).
1580 1608 1624 1613 —
1635 1590 1670 1629 b)
1689 1590 1795 1624 Ohne

1064 1641 1214 1674 Namen
1233 1650 1310 1674 von
1323 1641 1446 1675 Autor
1460 1642 1543 1675 und
1555 1643 1695 1676 Schrift
1713 1644 1796 1676 und

1064 1695 1169 1727 nicht
1193 1703 1293 1735 ganz
1314 1696 1489 1728 wortlich
1513 1704 1586 1729 aus
1606 1696 1791 1729 Ps.-A1·ist.

1072 1748 1116 1780 de
1142 1749 1412 1789 vegetabilibus
1443 1747 1471 1788 (1
1498 1748 1532 1789 4)
1562 1750 1592 1789 8,
1609 1751 1699 1782 7-8
1733 1748 1792 1792 (*)-

1062 1800 1171 1833 Liber
1192 1802 1236 1834 de
1256 1802 1380 1834 causis
1402 1800 1438 1842 (ξ
1455 1801 1513 1842 17)
1529 1803 1560 1842 8,
1576 1803 1710 1836 10-11
1734 1802 1791 1843 (*).

991 1854 1194 1887 BOETHIUS.
1241 1855 1346 1888 Ohne
1378 1855 1570 1896 Nennuny
1600 1865 1677 1889 von
1712 1857 1791 1889 Ver-

1064 1907 1188 1940 fasser
1225 1908 1307 1941 und
1351 1908 1455 1942 Werlc
1493 1906 1641 1950 (Philos.
1674 1909 1792 1950 cons.)

1064 1961 1118 2000 75,
1136 1961 1178 1993 16
1206 1960 1264 2001 (*).

992 2013 1230 2047 CHALCIDIUS.
1269 2015 1374 2048 Ohne
1386 2015 1579 2056 Nennuny
1590 2024 1665 2049 von
1687 2016 1792 2050 Werlc

1062 2067 1145 2100 und
1176 2068 1368 2101 Verfasser
1395 2070 1509 2107 75,15
1538 2068 1596 2109 (*).

992 2119 1119 2153 COSTA
1144 2121 1270 2154 LUCAE
1298 2128 1417 2154 FILIUS
1444 2122 1481 2154 in
1500 2123 1593 2155 libro
1616 2132 1725 2164 quem
1745 2124 1790 2156 de

1061 2174 1271 2207 differentia
1285 2176 1430 2208 animae
1451 2177 1487 2208 et
1507 2176 1659 2217 spiritus
1679 2177 1791 2210 edidit

1062 2227 1185 2267 40,19.

989 2280 1194 2314 DIONYqus
1228 2281 1567 2315 PS.-AREOPAG1TA
1602 2283 1645 2316 cf.
1680 2283 1788 2317 Ario-

1055 2336 1205 2375 payita.

988 2386 1242 2420 EMPEDOCLES
1269 2388 1312 2421 cf.
1339 2388 1560 2429 Abrupolis.

990 2439 1167 2473 GALENUS
1195 2441 1238 2473 of.
1268 2440 1462 2475 Galienus.

990 2493 1181 2526 GALIENUS
1210 2494 1336 2533 18,]1.
1365 2495 1488 2534 41,11.
1512 2495 1638 2534 51,12.
1667 2496 1787 2535 87,14.

1061 2546 1235 2579 Galienus
1261 2547 1298 2579 in
1324 2548 1441 2588 Tegni
1469 2548 1597 2588 24,10.

987 2599 1254 2632 HIPPOCRATES
1282 2600 1325 2633 cf.
1358 2600 1536 2641 ypocras.

987 2653 1138 2685 HONAIN
1164 2659 1225 2685 IBN
1251 2653 1367 2686 ISHAK
1393 2655 1435 2687 cf.
1463 2654 1726 2689 Johannitius.

987 2706 1241 2739 JOHANNITIUS
1275 2705 1313 2746 (i.
1338 2716 1366 2740 e.
1393 2707 1536 2740 Honain
1562 2708 1624 2741 ibn
1650 2707 1785 2749 Ishak).

1057 2760 1158 2793 Zitat
1183 2761 1281 2793 ohne
1306 2761 1455 2794 Namen
1482 2763 1537 2801 51,
1554 2762 1608 2795 20.

986 2813 1098 2846 IsAAc
1125 2814 1275 2847 ISRAELI
1301 2815 1343 2847 cf.
1376 2815 1505 2848 Ysaae.

986 2866 1115 2900 LOXUS
1142 2867 1178 2900 in
1198 2867 1473 2910 Phisiognomia
1498 2867 1536 2908 (i.
1553 2878 1579 2902 e.
1601 2870 1695 2902 liber
1709 2870 1786 2910 phi-

1058 2921 1262 2962 siognomie
1289 2922 1489 2955 secundum
1515 2923 1591 2955 tres
1615 2924 1786 2956 auctores

1057 2973 1199 3006 Loxum
1229 2975 1422 3014 medicum,
1449 2975 1674 3008 Aristotilem
1707 2976 1785 3016 phi-

1057 3027 1262 3068 losophum,
1295 3028 1531 3061 Palemonem
1564 3029 1785 3062 declamato-

1058 3079 1151 3120 rem)
1179 3080 1278 3120 87‚3.

148 3128 264 3157 Beitr.
286 3129 386 3164 XXIII,
409 3130 463 3165 1s2.
495 3131 570 3160 Bae
580 3132 665 3160 umk
675 3140 727 3165 er,
749 3132 811 3161 Des
830 3134 939 3162 Alfred
957 3141 1019 3162 von
1039 3134 1185 3163 Sareshel
1200 3134 1316 3163 Schriit
1330 3136 1375 3164 De
1389 3137 1473 3164 motu
1487 3137 1598 3165 cordis.
1670 3131 1689 3163 7
