2106 3487
700 189 756 222 IV.
784 190 900 223 Wort-
927 190 1001 223 und
1027 189 1292 232 Sachregister.
1758 190 1826 226 103

155 289 488 330 contemporaneus
516 289 570 329 80,
582 290 613 322 2.

155 342 347 375 continuus
374 343 431 382 93,
441 342 472 375 4.
501 343 531 376 6.

154 395 358 427 contrarius
384 396 504 435 53‚18.
541 396 797 436 55,18.19.20.
830 394 952 436 ‘59,13.

153 456 227 481 cor.
239 446 270 481 1.
285 448 556 488 Allyemeines:
569 458 633 482 cor
644 450 846 482 membrum
855 450 951 490 prin-

204 501 326 542 cipale
354 502 451 540 12‚9.
498 511 566 535 arx
587 503 755 543 corporis
777 503 876 541 86,9.
921 512 951 536 6.

201 554 271 587 soli
306 556 544 595 comparatur
578 555 780 595 94‚20sqq.
831 556 952 588 cordis

199 607 416 647 substantia,
425 608 570 648 positio,
580 608 747 649 operatio
757 608 857 647 80‚13
868 617 950 650 sqq.

198 660 244 693 de
269 660 454 701 positione
486 661 608 694 cordis
641 670 671 694 6.
698 661 755 694 IV.
807 661 852 694 de
879 662 951 694 ior-

198 713 359 746 matione
386 714 507 746 cordis
535 723 564 746 c.
585 714 674 747 XIV.
714 722 778 747 cor
803 715 950 747 domici-

197 766 285 799 lium
312 768 369 799 est
388 767 487 800 vitae
506 776 536 800 c.
557 767 615 800 III.
660 767 705 800 de
731 768 949 801 instrumen-

197 819 244 852 tis
270 821 391 852 motus
418 821 540 853 cordis
562 829 590 854 6.
613 820 654 853 V.
701 821 860 861 qualiter
885 821 951 854 fiat

195 873 316 905 motus
330 873 452 906 cordis
473 882 503 906 6.
524 873 581 906 VI.
621 874 666 906 de
681 874 809 914 specie
828 876 948 908 motus

196 926 318 958 cordis
332 934 361 958 c.
377 926 433 960 IX.
472 927 517 959 de
543 927 666 959 causis
686 928 807 960 motus
826 928 948 961 cordis

195 987 224 1012 c.
245 979 318 1011 VII.
366 980 463 1020 quod
484 981 603 1012 motus
624 980 746 1013 cordis
775 981 822 1013 sit
851 982 948 1022 prin-

195 1033 330 1073 cipium
374 1033 534 1065 omnium
578 1034 731 1067 aliarum
775 1034 948 1068 virtutum

194 1094 224 1118 6.
245 1085 333 1118 VIII.
364 1103 411 1108 —-
443 1087 477 1119 2.
505 1086 812 1120 Anatomisehes:
850 1087 888 1126 a)
916 1097 946 1121 6.

193 1139 229 1172 111
249 1139 446 1172 medietate
467 1140 628 1180 pectoris
655 1141 884 1180 collocatum,
910 1142 946 1174 in

194 1192 381 1226 sinistrum
414 1194 604 1226 declinans
641 1194 761 1233 14,17.
791 1194 886 1234 16,8.
914 1196 945 1228 9.

193 1246 396 1279 membrum
408 1255 582 1279 carneum
595 1247 713 1286 14‚15.
731 1248 784 1287 16,
797 1248 826 1281 1.
849 1248 944 1287 81‚5.

194 1300 336 1333 solidae
362 1300 592 1333 substantiae
621 1301 740 1340 14,16.
770 1301 859 1341 16,2.
905 1302 946 1334 fi-

192 1362 309 1394 gurae
353 1354 556 1386 conoidalis
595 1352 784 1395 (pinealis)
825 1355 944 1395 14,16.

194 1406 289 1446 16,3.
309 1415 512 1440 concavum
525 1408 811 1447 14,17.16,4.—-
824 1409 944 1442 cordis

192 1460 309 1493 cellae
348 1458 534 1500 (cellulae)
570 1470 598 1493 s.
626 1461 776 1494 thalami
815 1458 944 1503 (Herz-

192 1511 409 1549 hammern)
450 1514 494 1547 cf.
527 1514 623 1547 cella
651 1516 691 1552 1,·
734 1515 943 1548 thalamus.

192 1567 393 1600 secundum
413 1567 647 1600 Aristotelem
667 1568 743 1601 tres
764 1569 848 1601 sunt
866 1569 944 1602 tha-

190 1620 287 1659 lami,
321 1621 523 1653 secundum
554 1621 729 1658 medicos,
770 1622 831 1663 qui
868 1631 943 1655 me-

191 1672 287 1705 dium
309 1674 345 1706 et
365 1673 552 1706 sinistrum
572 1683 681 1707 unum
694 1674 834 1715 opinati
848 1677 942 1715 sunt,

190 1726 262 1759 duo
288 1735 319 1760 c.
340 1726 371 1759 V
392 1727 423 1759 2.
459 1727 703 1760 thalamorum
729 1728 872 1761 orificia
897 1730 941 1762 cf.

191 1780 391 1813 orificium.
442 1781 597 1813 musculi
629 1781 772 1814 orificia
803 1782 942 1815 sinistri

191 1833 227 1865 et
252 1833 363 1866 medii
395 1833 546 1866 thalami
577 1834 793 1867 claudentes
820 1835 940 1875 21,10.

189 1886 334 1919 dilatari
366 1887 404 1920 et
438 1887 641 1928 constringi
676 1887 819 1921 habiles
856 1889 939 1928 18‚7
975 1884 979 1953 Ι

190 1937 406 1979 (secundum
440 1940 533 1973 alios
560 1941 723 1981 pelliculi
748 1941 940 1982 plicabiles

189 1991 324 2033 23,10).
349 2010 392 2014 -
419 1993 541 2026 cordis
568 1994 662 2027 cella
688 1994 938 2035 (Herzbeutel)

188 2047 231 2079 οἱ.
259 2046 354 2079 cella
381 2047 413 2079 2.
447 2064 493 2068 —
521 2046 557 2086 b)
590 2048 695 2080 nervi
729 2057 750 2080 a
785 2049 939 2082 cerebro

186 2099 223 2132 in
260 2099 381 2132 cordis
413 2100 656 2133 substantiam
683 2102 739 2133 (16·
759 2102 940 2134 scendunt

187 2152 308 2192 89,22.
336 2153 450 2191 94,14.
488 2162 511 2185 a
536 2154 647 2186 corde
675 2154 721 2186 ad
746 2155 937 2188 cerebrum

185 2214 306 2238 venae
320 2206 482 2239 directae
502 2207 587 2239 sunt
607 2207 726 2246 94,17.
766 2209 812 2241 ab
828 2210 938 2249 epate

185 2267 283 2292 vena
296 2259 466 2292 dextrum
477 2260 598 2293 cordis
610 2260 808 2294 thalamum
817 2262 937 2304 ingre-

133 2344 135 2347 .
185 2311 386 2352 ditur20‚6.
412 2312 463 2346 Gr.
481 2313 875 2354 15‚13.16‚18.42‚13.
891 2332 936 2337 -—

185 2364 218 2405 6)
248 2364 654 2407 (Embryoloyisehes):
679 2367 835 2408 primum
860 2377 936 2401 mo-

184 2427 276 2451 vens
309 2417 375 2458 (sc.
403 2418 540 2460 anima)
574 2420 611 2452 in
645 2421 766 2453 medio
801 2422 935 2455 caloris

185 2472 406 2505 domicilium
427 2473 463 2505 et
483 2473 655 2506 virtutem
676 2475 872 2514 constituit,
900 2476 936 2508 et

185 2525 230 2557 ob
257 2525 326 2558 hoc
353 2534 442 2566 pars
468 2526 532 2559 illa
551 2526 675 2559 calore
695 2527 794 2560 sicco
814 2529 936 2561 cordis

184 2579 414 2619 congruebat
435 2580 623 2612 essentiae
644 2580 741 2619 722.
780 2582 935 2614 materia

184 2631 285 2664 cordi
320 2632 507 2665 destinata
542 2633 638 2672 78,6.
691 2633 742 2666 Gr.
765 2635 863 2674 71‚9.
892 2652 934 2657 —

183 2685 216 2717 3.
232 2681 584 2725 Physiozoyisches:
598 2684 637 2725 a)
649 2684 740 2726 (Sitz
755 2687 821 2720 der
834 2688 935 2721 Seele

184 2738 267 2770 und
288 2738 441 2778 Oryane
461 2738 526 2771 des
544 2739 725 2779 Lebens):
743 2749 773 2773 6.
789 2741 935 2775 animae

183 2789 404 2833 domicilium
421 2791 541 2831 33‚18.
558 2792 679 2832 43‚10.
696 2793 816 2833 45,2Ο.
836 2794 932 2834 86,8.

183 2851 214 2875 c.
241 2843 395 2884 primum
430 2845 574 2878 animae
607 2854 786 2888 organum
813 2848 932 2887 32,12.

183 2895 280 2934 43,9.
308 2905 338 2929 c.
359 2897 458 2930 vitae
479 2898 633 2938 primum
653 2899 933 2934 instrumentum

184 2949 304 2988 43,18.
359 2949 410 2983 Cf.
444 2951 566 2991 3Ο,20.
604 2952 723 2992 69,10.
776 2963 798 2987 a
823 2955 933 2988 corde

182 3010 310 3035 omnes
350 3002 504 3036 virtutes
553 3005 744 3038 exordium
787 3008 934 3040 sumunt

183 3049 304 3090 34‚12.
350 3059 380 3084 c.
402 3051 561 3085 omnium
583 3052 756 3087 virtutum
776 3055 933 3096 primum

1077 292 1355 324 instrumentum
1389 292 1511 332 80,10.
1562 293 1683 326 cordis
1710 293 1827 326 laesio

1074 346 1228 377 mortem
1243 345 1417 385 importat
1432 345 1552 384 88,18.
1566 363 1611 368 —-
1627 345 1664 385 b)
1685 345 1826 386 (Fumo-

1076 398 1157 431 tion
1170 398 1223 430 im
1237 395 1423 439 Korper):
1442 398 1481 438 α)
1496 407 1559 431 cor
1570 397 1736 438 (sinister
1748 400 1826 432 tha-

1074 449 1209 490 lamus)
1219 451 1353 483 caloris
1366 451 1585 484 domicilium
1594 452 1636 484 cf.
1651 452 1758 484 calor
1766 452 1824 485 211.

1074 512 1105 537 6.
1133 504 1214 536 fons
1244 504 1359 536 innati
1393 504 1527 537 caloris
1555 505 1675 544 2224.
1705 505 1824 544 23‚17.

1075 557 1126 590 Cf.
1150 557 1270 596 45‚19.
1292 557 1347 590 67.
1362 557 1416 590 14.
1452 558 1573 590 cordis
1593 558 1716 591 calore
1734 558 1825 590 vivi-

1073 610 1145 642 fico
1180 611 1295 642 totum
1332 619 1467 651 corpus
1507 611 1688 644 animatur
1727 611 1823 650 88,8.

1072 663 1194 695 cordis
1227 663 1396 695 caliditas
1424 663 1521 701 74,7.
1565 663 1677 696 nimia
1703 664 1824 696 cordis

1072 716 1267 748 calefactio
1289 716 1384 755 52,8.
1417 716 1468 749 Cf.
1490 716 1609 755 67,14.
1632 734 1676 739 --
1697 716 1732 755 β)
1749 717 1823 757 spi-

1070 770 1162 802 ritus
1188 769 1224 801 in
1251 769 1361 801 corde
1389 770 1581 810 generatio
1606 769 1703 807 23‚1.
1748 770 1822 810 spi-

1069 823 1161 854 ritus
1178 831 1327 862 semper
1343 822 1380 854 in
1397 823 1508 855 corde
1525 823 1683 855 retentio
1701 823 1756 861 52,
1767 823 1819 856 19.

1072 875 1122 908 Cf.
1137 875 1299 915 spiritus
1314 872 1394 916 3b).
1406 892 1453 897 —
1475 874 1512 917 y)
1528 884 1557 908 6.
1574 875 1707 908 virtute
1721 876 1823 916 viget

1071 928 1267 961 attractiva
1282 928 1401 967 4212.
1430 937 1459 961 c.
1475 937 1498 961 a
1510 929 1682 968 pulmone
1698 930 1821 961 aerem

1069 981 1167 1013 ducit
1183 981 1277 1018 15‚4.
1301 981 1421 1018 16‚15.
1439 981 1492 1014 18.
1516 981 1611 1019 18,5.
1645 990 1674 1014 c.
1697 983 1822 1014 a'erem

1070 1035 1106 1066 et
1142 1034 1360 1075 sanguinem
1399 1034 1614 1067 distendens
1644 1035 1739 1073 37‚2.
1774 1053 1821 1057 —-

1068 1087 1169 1120 cordi
1182 1096 1281 1120 vena
1301 1087 1347 1120 ab
1366 1089 1476 1128 epate
1497 1088 1727 1121 descendens
1739 1097 1820 1121 san—

1069 1140 1215 1182 guinem
1251 1140 1370 1173 defert
1409 1141 1529 1179 15‚13.
1566 1141 1685 1180 16,18.
1722 1141 1817 1181 20‚7.

1069 1193 1188 1232 42,13.
1217 1202 1239 1226 a
1254 1193 1364 1226 corde
1384 1193 1580 1234 impulsum
1601 1195 1819 1236 sanguinem

1068 1247 1184 1279 fluere
1216 1247 1394 1279 sentimus
1428 1247 1550 1285 48,20.
1601 1256 1630 1280 c.
1664 1249 1819 1282 virtutes

1068 1300 1190 1340 epatis
1210 1300 1256 1332 ad
1278 1300 1440 1340 epsesim
1465 1301 1613 1333 exacuit
1633 1300 1752 1339 88,22.
1774 1319 1817 1323 —

1065 1352 1096 1391 c)
1120 1352 1458 1393 (Herzbeweyuny)
1475 1361 1486 1385 .·
1506 1352 1543 1389 a)
1557 1354 1678 1387 cordis
1698 1356 1818 1387 motus

1066 1405 1318 1447 infatigabilis,
1357 1406 1550 1438 continuus
1583 1407 1679 1445 27,5.
1717 1407 1772 1447 28,
1785 1409 1816 1442 5.

1066 1459 1166 1498 85,3.
1193 1459 1223 1491 7.
1276 1460 1396 1491 motus
1430 1459 1553 1492 cordis
1585 1460 1681 1492 cedit
1707 1461 1818 1494 embi-

1066 1512 1200 1552 pedum
1216 1512 1271 1551 36,
1282 1512 1312 1544 8.
1328 1529 1374 1533 —
1388 1511 1426 1551 β)
1444 1512 1602 1552 qualiter
1616 1513 1682 1545 fiat
1697 1515 1817 1546 motus

1065 1565 1187 1598 cordis
1215 1565 1312 1604 21,9.
1345 1565 1500 1598 musculi
1515 1566 1656 1599 orificia
1679 1567 1817 1600 sinistri

1065 1619 1101 1650 et
1126 1618 1236 1651 medii
1271 1619 1421 1651 thalami
1454 1619 1575 1652 cordis
1601 1620 1816 1654 claudentes

1065 1672 1205 1704 eisdem
1242 1672 1368 1705 nervis
1405 1673 1621 1713 vinciuntur,
1662 1674 1723 1714 qui
1765 1675 1816 1707 ita

1062 1725 1158 1758 inter
1177 1725 1262 1766 ipsa
1282 1726 1424 1758 crificia
1436 1726 1643 1765 tenduntur,
1655 1728 1694 1760 ut
1707 1728 1815 1760 alter-

1062 1779 1144 1812 utro
1171 1779 1322 1812 dilatato
1353 1780 1508 1812 alterum
1528 1780 1648 1813 claudi
1677 1781 1723 1814 sit
1751 1790 1814 1814 ne-

1062 1840 1169 1865 cesse
1191 1833 1311 1872 21,12.
1341 1833 1392 1866 Gr.
1415 1833 1535 1872 21,25.
1572 1835 1637 1867 aer
1655 1835 1814 1868 medium

1061 1885 1261 1918 thalamum
1272 1886 1464 1928 ingressus
1474 1887 1602 1920 dilatat
1615 1889 1812 1929 musculos,

1062 1938 1227 1971 similiter
1252 1940 1405 1981 sanguis
1425 1940 1462 1972 in
1483 1940 1671 1973 sinistrum
1696 1942 1813 1975 thala-

1059 1999 1157 2024 mum
1183 1992 1366 2025 admissus
1394 1993 1430 2025 et
1462 1993 1498 2025 in
1534 1994 1701 2034 spiritum
1728 2004 1813 2029 con-

1060 2052 1192 2077 versus
1220 2045 1275 2084 21,
1288 2046 1341 2079 17.
1393 2054 1504 2078 unum
1519 2046 1699 2080 orificium
1713 2049 1812 2082 clau-

1061 2097 1156 2130 ditur
1170 2098 1283 2138 fiente
1295 2099 1416 2137 ductu,
1438 2099 1592 2132 alterum
1614 2101 1811 2136 emissione

1060 2150 1156 2190 22,4.
1202 2152 1286 2184 sunt
1306 2152 1367 2192 qui
1385 2153 1509 2185 dicunt
1529 2153 1650 2186 cordis
1671 2155 1812 2190 crificia

1058 2212 1132 2235 non
1158 2204 1344 2244 musculis,
1381 2205 1448 2237 sed
1483 2205 1666 2245 pelliculis
1698 2207 1809 2247 plica·

1059 2256 1191 2289 bilibus
1206 2257 1337 2296 claudi,
1355 2257 1416 2297 qui
1443 2257 1584 2290 alterne
1604 2259 1738 2292 cedunt
1754 2269 1810 2293 re-

1058 2310 1210 2350 pletioni
1250 2311 1286 2343 et
1322 2311 1456 2343 tractui
1494 2311 1590 2348 23,9.
1617 2328 1663 2332 —
1699 2312 1736 2354 y)
1765 2314 1810 2346 (16

1058 2363 1181 2396 causis
1195 2365 1316 2396 motus
1328 2364 1449 2397 cordis
1459 2364 1513 2403 25,
1524 2364 1555 2396 2.
1581 2365 1657 2398 tres
1672 2373 1809 2399 causae

1057 2418 1177 2449 motus
1203 2417 1340 2450 cordis:
1386 2418 1505 2458 prima
1529 2426 1558 2450 s.
1585 2418 1810 2459 hypatonica

1057 2468 1221 2510 (anima),
1234 2471 1405 2511 proxima
1419 2479 1448 2503 s.
1457 2471 1654 2504 coniuncta
1664 2470 1808 2513 (calor),

1056 2523 1178 2556 media
1204 2533 1232 2557 s.
1260 2523 1457 2557 idmeatica
1489 2522 1639 2563 (caloris
1669 2525 1808 2558 fomen-

1056 2577 1131 2609 tum
1168 2578 1205 2610 et
1236 2576 1533 2617 instrumentum)
1559 2586 1589 2611 c.
1615 2578 1677 2611 VII
1703 2579 1807 2613 2—6.

1056 2639 1171 2663 causa
1196 2638 1260 2663 cor
1284 2639 1439 2663 movens
1471 2640 1593 2672 neque
1626 2640 1808 2673 corporea

1055 2692 1178 2724 neque
1213 2684 1452 2717 accidentalis
1492 2685 1564 2724 est;
1604 2686 1661 2718 est
1696 2685 1808 2727 igitur

1055 2737 1178 2770 anima
1189 2737 1283 2777 27,5.
1307 2737 1337 2770 6.
1356 2738 1410 2770 10.
1434 2737 1556 2771 anima
1575 2747 1640 2771 cor
1659 2747 1808 2780 semper

1054 2799 1209 2823 movens
1242 2791 1299 2823 est
1325 2791 1421 2830 34,1.
1450 2791 1481 2824 2.
1532 2789 1652 2824 motus
1685 2793 1805 2825 cordis

1053 2852 1127 2876 non
1155 2844 1212 2876 est
1240 2844 1408 2877 animalis
1436 2844 1567 2884 35‚21;
1594 2854 1716 2886 neque
1742 2855 1805 2879 na-

1054 2896 1184 2928 turalis
1205 2896 1317 2936 36,12
1345 2895 1548 2937 (cf.··36‚4);
1576 2898 1642 2930 sed
1667 2899 1805 2932 violen-

1053 2950 1123 2988 tus,
1146 2958 1256 2990 quem
1276 2951 1400 2983 tamen
1420 2951 1598 2983 naturalis
1619 2960 1733 2985 causa
1752 2953 1804 2985 in-

1054 3003 1163 3042 ducit,
1195 3012 1245 3036 sc.
1278 3004 1380 3037 calor
1406 3004 1501 3044 37,2.
1541 3022 1579 3027 —-
1617 3002 1650 3044 ὅ)
1684 3006 1804 3038 motus

1053 3056 1175 3090 cordis
1189 3057 1408 3100 principium
1416 3058 1474 3091 est
1484 3058 1643 3091 omnium
1651 3058 1804 3092 aliarum
