2106 3487
712 215 769 248 IV.
797 215 916 248 Wort-
941 216 1015 249 und
1041 216 1304 258 Sachregister.

176 322 294 354 vapor
321 314 439 352 39‚17.
478 312 573 354 428.
610 315 664 348 12.
702 316 820 354 54‚14.
849 316 969 355 61,17.

223 366 318 405 62,2.
347 366 467 406 80,16.
495 368 614 407 83,11.
644 368 698 411 12.

177 419 336 451 varietas
364 420 641 461 suscipientium
667 421 721 460 95,
738 421 768 453 3.
798 421 851 453 10.

175 472 294 504 vectio
322 473 442 511 54,21.

175 525 406 566 vegetabilis.
452 527 536 558 actu
571 527 782 567 vegetabile
818 527 916 566 63‚3.
939 527 969 561 6.

222 578 438 618 simpliciter
474 580 686 620 vegetabile
725 581 757 618 5,
775 581 804 613 4.
845 580 969 619 4Ο,15.

223 631 341 669 57,11.
371 632 490 671 74,1-8.
518 632 638 670 95,17.
684 641 791 666 omne
820 634 971 674 vegeta-

220 684 294 716 bile
322 686 480 725 quatuor
504 686 644 726 indiget
673 686 792 725 56‚19.
820 687 971 727 vegeta-

220 736 303 769 bilis
340 738 462 770 anima
493 738 536 770 cf.
570 738 704 771 anima
737 739 806 772 3α.
860 748 971 780 vege-

222 790 388 822 tabilium
425 791 579 824 virtutes
615 792 737 825 6411.
794 793 971 825 naturalis

223 845 410 884 appetitus
420 845 587 877 omnibus
595 846 866 886 vegetabilibus
875 854 971 878 com-

220 897 340 929 munis
367 898 424 929 est
451 898 571 936 35‚13.
607 899 644 930 in
671 899 885 940 simpliciter
910 907 971 931 ve-

222 950 443 991 getabilibus
471 951 565 983 duae
585 952 725 984 tantum
746 952 971 993 digestiones

224 1003 343 1039 7418.

174 1057 445 1097 vegetabilItas.
461 1058 720 1098 vegetabilitas
735 1059 847 1090 vitam
862 1059 971 1090 801111-

222 1110 320 1142 tatur
337 1110 391 1149 70,
409 1111 462 1143 12.
506 1110 556 1143 Gr.
572 1112 643 1149 5,1.
684 1111 971 1152 vegetabilitatis

221 1163 410 1203 potentiae
432 1165 589 1204 quatuor
609 1164 728 1202 7Ο,14.
756 1164 972 1205 vegetabili-

221 1217 308 1248 tatis
319 1225 497 1257 organum
509 1213 758 1259 (principium)
773 1218 803 1256 5,
814 1219 843 1249 1.
858 1218 874 1249 1
884 1218 970 1256 1,14.

223 1269 342 1308 72,13.
373 1270 492 1308 95,17.
540 1270 591 1303 Cf.
612 1271 808 1311 vegetatio.

175 1323 342 1364 vegetari
375 1323 447 1362 8,5.
482 1323 620 1361 40,13.,
640 1324 759 1356 74.24.
804 1324 973 1365 vegetari

222 1376 362 1417 phisice
390 1378 446 1409 est
470 1377 598 1409 nutriri
619 1377 714 1416 63,7.
728 1378 820 1409 -111
836 1377 971 1418 simpli-

222 1429 312 1462 citer
342 1431 612 1471 vegetabilibus
645 1431 741 1463 idem
774 1431 901 1463 vivere
937 1431 973 1462 et

221 1484 391 1524 vegetari
418 1484 541 1522 74,21.
583 1484 633 1516 Cf.
658 1485 687 1523 5,
700 1485 729 1516 3.
758 1484 788 1522 8,
801 1485 830 1517 5.

174 1536 369 1578 Vegetatio
391 1537 464 1575 5,5.
488 1537 607 1575 40,15.
631 1537 751 1576 56,15.
774 1537 894 1575 59,15.
919 1538 971 1570 17.

223 1590 322 1629 60,1.
351 1590 405 1630 12,
433 1590 530 1629 61,1.
558 1591 654 1629 62,1.
683 1591 840 1629 63,4.—
862 1600 972 1632 vege-

221 1643 370 1676 tationis
396 1643 578 1684 principia
604 1641 886 1683 (instrumenta),
921 1653 971 1677 sc.

222 1696 426 1735 attractiva,
454 1697 646 1735 retentiva,
675 1697 868 1738 digestiva,
909 1706 972 1729 ex-

222 1749 369 1790 pulsiva
389 1750 508 1789 63,14.
538 1750 588 1783 Cf.
612 1750 710 1789 58,1.
732 1751 828 1790 60,1.
851 1750 971 1789 64,14.

222 1803 469 1843 vegetationis
497 1812 639 1844 organa
659 1804 754 1842 73,1.
796 1803 847 1836 Cf.
869 1812 972 1844 11898-

223 1856 405 1888 tabilitas.
451 1855 698 1897 vegetationis
726 1856 781 1888 vis
809 1856 929 1895 74‚23.

174 1909 421 1941 velamentum
447 1909 606 1941 arteriae
634 1909 753 1948 66,12.

175 1962 354 1994 velocitas
380 1962 508 2003 pulsfis
537 1962 657 2003 55,23.

174 2024 281 2048 vena.
322 2015 373 2048 Cr.
395 2024 435 2056 p.
462 2012 508 2048 15
534 2024 570 2048 η.
599 2016 629 2048 1.
664 2033 707 2039 —-
741 2015 780 2055 a)
808 2016 975 2048 dicuntur
1009 2020 1012 2088 1

225 2067 387 2108 „venae“
418 2069 524 2109 quasi
557 2070 734 2108 „naturae
760 2068 864 2101 viae“
894 2069 974 2101 sive

225 2122 456 2161 „nutrimenti
467 2121 658 2155 vehicula“
675 2123 694 2154 7
700 2123 729 2161 4,
741 2123 795 2155 15.
807 2139 849 2143 -
863 2122 897 2161 b)
911 2131 973 2155 ve-

223 2184 351 2208 narum
378 2176 479 2208 ortus
500 2176 545 2208 ab
567 2176 677 2216 epate
703 2176 821 2215 15,13.
850 2176 972 2215 74,15.

224 2228 321 2268 88,4.
350 2228 469 2267 89,17.
516 2229 567 2262 Cf.
596 2229 716 2268 70,16.
761 2238 880 2262 venae
906 2238 974 2270 per

223 2283 337 2314 totum
363 2290 499 2323 corpus
525 2282 705 2323 dispertiti
738 2283 822 2315 sunt
849 2283 971 2319 8919.

226 2335 277 2368 Cf.
294 2335 389 2374 88‚1.
409 2335 463 2374 89,
476 2335 528 2368 18.
564 2344 741 2368 venarum
756 2335 973 2376 partitiones

225 2388 344 2428 70,17.
395 2397 492 2421 vena
529 2389 669 2421 directa
700 2389 746 2421 ab
782 2390 892 2429 epate
928 2389 973 2421 ad

225 2442 393 2474 dextrum
426 2441 546 2474 cordis
584 2442 783 2474 thalamum
821 2450 973 2483 progre-

225 2494 329 2528 diens
356 2495 452 2534 20,6.
491 2503 611 2527 venae
632 2504 654 2528 a
674 2495 785 2527 corde
807 2495 852 2527 ad
873 2503 973 2527 cere-

223 2548 329 2581 brum
343 2548 506 2581 directae
521 2548 575 2586 94,
588 2548 641 2581 18.
674 2548 827 2581 trachea
841 2549 973 2581 multas

226 2602 262 2633 et
298 2610 436 2642 parvas
477 2610 594 2634 venas
645 2601 825 2643 dispergit
872 2601 973 2640 (Ver-

226 2654 452 2695 dstelunyen
502 2655 567 2687 der
610 2651 825 2694 Lustrc'ihre)
876 2656 929 2695 15,
942 2655 972 2687 6.

225 2716 344 2740 venae
368 2708 568 2749 spissitudo
596 2708 716 2747 66‚12.
755 2717 875 2741 venae
902 2709 974 2740 cui-

224 2761 313 2793 libet
339 2761 474 2794 arteria
500 2762 695 2802 supposita
722 2761 819 2800 14,9.
854 2761 973 2800 88,10.

225 2823 323 2847 vena
348 2815 524 2847 arteriata
552 2815 670 2854 15,15.
685 2832 731 2836 —
749 2815 801 2847 Cf.
818 2815 973 2854 arteria,

220 2868 432 2908 pulsantis.
468 2884 514 2888 —
552 2867 583 2906 c)
624 2877 687 2900 cor
730 2868 975 2900 mediantibus

226 2920 331 2953 venis
358 2921 499 2961 primae
519 2921 662 2954 virtutis
677 2922 798 2954 actum
819 2922 976 2954 eiaculat

227 2973 282 3012 94,
298 2973 352 3006 20.
407 2982 527 3006 venae
566 2974 777 3007 nutrimenti
807 2974 977 3006 vehicula

228 3027 284 3063 74,
298 3028 351 3060 15.
389 3036 509 3060 venae
528 3028 574 3060 ad
592 3028 827 3060 nutriendum
841 3036 976 3068 corpus

227 3081 341 3112 totum
356 3081 581 3121 perlustrant
596 3081 691 3120 88‚1.
714 3081 768 3120 89,
780 3081 833 3120 18,
866 3081 975 3113 inter-

1775 216 1842 251 113

1093 317 1204 349 sectis
1236 317 1342 349 venis
1381 318 1427 350 ad
1465 318 1655 350 cerebrum
1694 318 1841 351 directis

1092 378 1165 401 non
1192 370 1302 402 sentit
1328 370 1462 402 animal
1488 371 1607 409 94,18.
1648 371 1778 411 quibus
1805 371 1842 403 in

1092 422 1236 454 cervice
1263 431 1382 455 venae
1418 423 1753 463 apprehenduntur,
1789 424 1841 456 in-

1092 475 1232 507 sensati
1258 475 1350 507 fiunt
1376 475 1495 515 34‚10.

1044 536 1237 561 venereus.
1271 537 1363 569 opus
1390 537 1588 561 venereum
1609 529 1704 569 84,5.

1044 580 1168 613 Venus
1196 578 1355 621 (Planet)
1385 582 1480 620 64,1.

1044 635 1188 675 vertigo
1216 635 1338 673 54,21.
1366 635 1421 667 22.

1044 687 1197 720 villosus
1225 688 1322 727 73‚5.

1044 740 1182 772 vincire
1211 740 1331 779 21‚13.
1359 740 1479 780 37,25.

1044 793 1168 824 vinum
1195 793 1313 831 64,10.
1604 820 1607 821 γ

1045 846 1229 878 vinculum
1256 847 1352 884 39‚8.
1400 847 1451 879 Cr.
1479 847 1598 886 37‚15.

1045 899 1221 932 violentia
1237 900 1332 939 54,6.
1352 900 1454 932 9.11.
1474 900 1526 932 13.
1550 900 1644 939 55,8.
1661 901 1691 933 9.
1722 902 1840 940 57,11.

1093 952 1190 994 67,8.

1044 1005 1239 1038 violentus.
1265 1006 1464 1038 violentum
1480 1007 1537 1038 est
1553 1007 1655 1039 cuius
1678 1007 1841 1039 exterius

1094 1059 1149 1090 est
1176 1059 1395 1099 prIncipium
1415 1059 1504 1091 nihil
1530 1059 1742 1092 conferente
1768 1060 1842 1092 vim

1093 1120 1207 1152 passo
1244 1112 1364 1150 36‚14,
1402 1112 1497 1150 54,5.
1547 1112 1597 1145 Cf.
1625 1113 1752 1145 motus
1779 1113 1840 1145 2b.

1045 1165 1171 1197 virilis.
1212 1174 1390 1206 organum
1415 1165 1519 1197 virile
1548 1165 1643 1204 84,5.

1045 1218 1171 1250 virtus.
1213 1218 1243 1250 1.
1259 1218 1524 1258 Allyemeines:
1545 1219 1660 1251 virtus
1676 1220 1732 1251 est
1745 1219 1843 1259 prin-

1093 1271 1228 1311 cipium
1253 1272 1373 1303 motus
1399 1271 1506 1303 unius
1532 1271 1568 1303 in
1596 1271 1693 1304 aliud
1713 1280 1842 1304 8881111-

1093 1324 1176 1356 dum
1212 1324 1308 1364 quod
1341 1325 1398 1358 est
1436 1325 1534 1356 aliud
1570 1321 1718 1363 (Arist.)
1745 1325 1841 1364 90‚8.

1093 1386 1116 1408 v
1155 1378 1211 1409 est
1237 1377 1456 1417 principium
1482 1379 1601 1409 motus
1626 1378 1662 1410 in
1686 1386 1843 1418 corpore

1095 1430 1230 1470 adapto
1246 1429 1342 1467 92,7.
1379 1439 1412 1462 v.
1429 1431 1475 1462 ad
1493 1432 1613 1463 actum
1632 1431 1668 1462 111
1688 1431 1844 1463 materia

1095 1482 1233 1522 adapta
1258 1483 1424 1523 potentia
1450 1484 1506 1515 est
1533 1484 1652 1522 91,14.
1688 1484 1843 1525 singulis

1094 1536 1236 1568 actibus
1272 1536 1446 1576 propriae
1478 1537 1633 1569 virtutes
1672 1538 1845 1577 aptantur

1095 1588 1150 1627 92,
1166 1589 1196 1621 9.
1249 1589 1366 1621 omnis
1408 1598 1441 1622 v.
1481 1589 1634 1622 alicuius
1670 1590 1844 1630 propriae

1095 1642 1322 1682 operationis
1368 1642 1542 1675 effectiva
1581 1643 1635 1681 91,
1653 1644 1684 1675 7.
1745 1643 1844 1683 quic-

1096 1695 1181 1735 quid
1208 1695 1434 1735 aliquorsum
1460 1696 1585 1736 aliqua
1603 1696 1737 1728 virtute
1760 1704 1844 1736 pro-

1095 1748 1177 1789 pria
1214 1748 1339 1787 fertur,
1379 1749 1509 1781 eadem
1546 1757 1619 1782 non
1656 1749 1771 1782 fertur
1807 1749 1844 1782 in

1095 1801 1317 1834 contrarium
1340 1802 1459 1841 55,16.
1505 1802 1674 1835 emicatio
1700 1802 1844 1834 virtutis

1097 1855 1217 1893 54,17.
1247 1871 1285 1876 -—
1315 1855 1348 1887 2.
1362 1856 1496 1888 Arcen:
1521 1855 1753 1896 planetarum
1773 1855 1844 1888 vir-

1095 1909 1191 1940 tutes
1219 1908 1314 1947 64,7.
1360 1917 1393 1941 v.
1414 1908 1526 1941 vitam
1553 1908 1694 1941 faciens
1721 1908 1843 1948 86,12.

1095 1971 1128 1994 v.
1162 1961 1312 1994 vivifica
1342 1962 1462 2000 94,16.
1508 1962 1663 1994 virtutes
1692 1962 1843 2003 vegeta-

1095 2015 1219 2047 bilium
1234 2015 1353 2053 64,11.
1382 2015 1427 2047 de
1442 2015 1613 2047 virtutum
1634 2014 1844 2047 animalium

1095 2068 1236 2109 origine
1258 2076 1287 2101 8.
1310 2068 1387 2101 XVI
1409 2068 1439 2101 9.
1490 2077 1523 2101 v.
1545 2076 1609 2100 cor
1633 2068 1843 2100 inhabitans

1096 2121 1191 2161 81,6.
1220 2121 1340 2160 94,21.
1379 2130 1412 2154 v.
1441 2121 1624 2163 digestiva
1650 2121 1842 2160 49,14.18.

1047 2175 1216 2207 viscosus
1244 2174 1340 2213 69,2.

1046 2228 1149 2261 visus
1176 2228 1296 2267 80,14.

1048 2282 1133 2314 vita.
1181 2282 1212 2314 1.
1238 2280 1277 2321 a)
1298 2282 1375 2314 vita
1402 2282 1457 2314 est
1484 2281 1622 2322 primus
1648 2282 1768 2314 motus
1796 2290 1844 2314 ex

1097 2335 1222 2376 quieto
1256 2335 1481 2375 sempiterno
1514 2335 1634 2367 fluens
1668 2334 1764 2373 8‚10.
1809 2343 1843 2366 v.

1096 2389 1234 2429 primus
1261 2389 1296 2420 et
1332 2388 1523 2420 continuus
1560 2388 1705 2420 animae
1741 2388 1844 2420 actus

1095 2441 1214 2481 30,19.
1249 2441 1347 2481 quod
1367 2441 1443 2473 vita
1463 2441 1509 2472 sit
1528 2441 1668 2480 primus
1689 2440 1844 2473 effectus

1095 2495 1239 2527 animae
1270 2494 1308 2526 in
1337 2502 1492 2535 corpore
1519 2502 1548 2526 8.
1576 2493 1599 2526 I.
1645 2501 1678 2526 v.
1705 2493 1844 2534 primus

1096 2548 1240 2580 animae
1252 2548 1355 2580 actus
1369 2547 1406 2579 in
1421 2546 1587 2587 corporis
1602 2546 1729 2587 adapti
1743 2547 1843 2578 motu

1097 2602 1151 2640 37,
1165 2601 1219 2633 18.
1258 2609 1292 2633 v.
1307 2600 1474 2640 corporis
1497 2602 1532 2632 et
1560 2599 1704 2632 animae
1726 2599 1843 2631 unito-

1095 2663 1175 2686 rum
1213 2654 1316 2686 actus
1352 2653 1490 2694 primus
1526 2653 1645 2691 84,17.
1672 2669 1718 2673 —
1745 2652 1781 2691 b)
1809 2661 1843 2685 v.

1096 2707 1263 2748 potentia
1294 2707 1413 2747 prima
1440 2707 1497 2738 est
1523 2707 1553 2744 7,
1569 2706 1599 2739 3.
1645 2715 1678 2738 v,
1705 2706 1844 2747 primus

1096 2761 1236 2793 formae
1249 2760 1351 2792 actus
1364 2759 1394 2799 8,
1405 2760 1435 2792 9.
1450 2759 1505 2798 30,
1516 2759 1570 2792 19.
1590 2759 1644 2798 37,
1656 2758 1709 2791 18.
1723 2758 1778 2798 38,
1789 2758 1843 2791 20.

1097 2814 1216 2853 84,17.
1255 2822 1289 2846 v.
1317 2822 1429 2845 sensu
1449 2814 1548 2845 motu
1569 2812 1778 2852 ceterisque
1799 2812 1845 2844 si-

1096 2867 1241 2899 milibus
1279 2866 1380 2907 prior
1424 2866 1523 2905 31‚6.
1560 2866 1615 2898 21.
1669 2865 1719 2898 Cf.
1745 2865 1844 2903 6,11.

1097 2920 1195 2952 vitae
1231 2920 1335 2952 actus
1370 2919 1563 2951 continuus
1595 2918 1694 2960 7,14.
1722 2917 1845 2956 93,10.

1097 2982 1130 3005 v.
1159 2973 1327 3005 omnibus
1348 2972 1555 3013 aequaliter
1571 2972 1667 3004 inest
1688 2972 1719 3010 7,
1734 2972 1765 3003 5.
1810 2979 1844 3003 V.

1097 3026 1289 3059 uniformis
1324 3027 1380 3058 est
1407 3026 1461 3065 65,
1475 3026 1505 3058 7.
1533 3042 1576 3046 -—
1605 3022 1636 3065 c)
1664 3034 1698 3057 v.
1724 3032 1845 3064 neque

1098 3080 1277 3112 naturalis
1303 3080 1361 3112 est
1386 3088 1507 3120 neque
1533 3079 1660 3111 contra
1679 3079 1846 3110 naturam

179 3141 202 3169 B
211 3148 228 3169 e
236 3142 246 3170 i
254 3142 295 3169 tr.
315 3141 414 3175 XXIII,
426 3141 479 3176 1l2.
517 3141 541 3170 B
549 3148 568 3169 a
575 3148 592 3169 e
600 3149 620 3169 u
627 3149 656 3169 m
663 3142 684 3170 k
692 3149 709 3169 e
716 3149 732 3168 r
739 3163 746 3174 ,
763 3141 823 3170 Des
834 3141 940 3170 Allred
950 3148 1011 3169 von
1022 3140 1169 3170 Sareshel
1179 3140 1293 3169 Schritt
1303 3140 1347 3168 De
1358 3141 1443 3169 motu
1454 3140 1564 3169 cordis
1686 3137 1705 3170 8
