2106 3487
720 172 773 210 De
799 173 899 210 motu
924 172 1045 210 cordis
1072 186 1101 210 c.
1130 172 1182 210 15.
1744 168 1790 210 ‘'7ss

122 276 358 329 floribus1)
386 281 541 321 ducita
566 280 828 331 originemb.
892 279 1048 329 Neque
1074 279 1352 328 induraturss,
1386 278 1566 328 epsesid
1598 279 1789 329 quippee

121 351 399 401 terminataf;
435 353 502 391 est
535 351 654 391 enim
687 351 866 400 terreig,
909 350 1056 400 aquei,
1100 349 1297 389 maxime
1342 360 1451 389 vero
1498 349 1652 390 aereih
1697 361 1789 390 me-

120 423 300 472 theora;
335 423 392 463 ad
425 422 635 462 densumi
676 423 829 462 tamen
869 421 978 461 autk
1015 420 1233 470 liquidum
1274 431 1356 470 pro
1396 421 1614 460 materiae
1648 421 1789 470 quali-

120 493 288 533 tatibus
321 493 575 533 inclinatur.
639 492 757 532 Alba
788 491 957 542 igitur1‚
990 491 1139 531 mollis
1172 492 1256 531 etm
1288 491 1473 531 humida
1505 491 1789 531 substantian

85 569 102 595 5
122 563 180 603 ad
212 563 425 603 cerebri
458 564 736 612 apparaturo
769 561 1027 602 essentiam.

262 633 303 672 4.
339 627 537 683 Ipsum2)
570 634 721 672 autem
755 643 814 671 ex
846 633 933 672 hac
966 632 1223 672 elevatione
1260 631 1401 681 fierit),
1445 631 1636 682 signum,
1679 642 1788 681 quo-

119 704 241 744 niam
263 715 322 744 ex
348 703 579 744 secundae
613 705 656 742 et
688 703 850 743 tertiae
885 702 1147 753 digestionis
1180 703 1410 742 essentiaq
1436 700 1497 750 (52)
1530 702 1790 742 metheorar

121 785 300 824 semper
332 774 626 822 confortatur,
659 774 918 823 importuna
950 774 1196 813 turbaturs.
1260 772 1327 812 EX
1366 773 1588 823 sanguine
1633 772 1790 812 etiamt

120 845 270 885 cordis
302 845 397 885 fere
424 844 701 884 metheorico
712 838 745 892 3)
780 844 945 884 alituru
971 845 1014 883 et
1041 844 1277 883 robustum
1304 843 1520 891 efficitur3
1555 853 1615 882 ex
1640 843 1790 882 minus

66 920 102 948 10
120 916 261 956 habili
292 915 520 956 contrario
555 915 819 965 disponitur.
883 914 936 954 Et
968 915 1024 954 ob
1063 915 1151 954 hoc
1184 914 1221 953 si
1253 914 1399 953 fortev
1432 913 1627 953 coleraW
1667 911 1791 953 menss

120 989 248 1027 strua
287 986 591 1036 distemperet,
635 996 690 1026 ea
732 985 801 1026 sui
842 985 1026 1025 levitate
1066 986 1110 1025 et
1154 985 1401 1024 subtilitate
1448 984 1702 1024 ascendens
1746 985 1790 1024 et

120 1066 379 1108 evaporans
431 1057 669 1097 cerebrum
725 1056 781 1095 ad
820 1055 1096 1096 caliditatem
1140 1055 1350 1105 disponit,
1408 1054 1524 1094 etsiX
1564 1055 1610 1094 in
1652 1054 1790 1095 corde

118 1138 210 1168 non
242 1128 431 1168 multum
465 1128 622 1167 calory
655 1127 889 1166 exuberet.
955 1126 1044 1166 Sed
1077 1125 1320 1175 quoniamZ
1354 1136 1412 1165 ex
1425 1132 1464 1152 aa
1496 1125 1790 1165 sublimatobb

120 1199 326 1248 efficitur,
368 1204 648 1248 nunquam00
681 1197 737 1237 ad
770 1197 901 1248 primi
935 1196 1147 1237 domicilii
1161 1191 1195 1245 4)
1239 1197 1438 1236 calorem
1478 1190 1787 1244 intenditur⁵);

67 1279 102 1307 ιι
121 1270 283 1310 ceteris
327 1280 437 1310 vero
484 1268 917 1319 distemperantiisdd
960 1268 1054 1307 inee
1105 1267 1319 1307 alimento
1370 1266 1791 1317 superfluentibusff

119 1351 201 1391 pro
245 1351 404 1380 eorum
450 1339 767 1379 affectionibus
819 1338 1083 1389 disponitur.
1148 1336 1350 1387 Cumque
1402 1337 1719 1377 essentialiagg
1764 1347 1791 1376 a

261 1481 277 1497 ⁸
303 1475 437 1507 ducant
462 1472 515 1505 P2
595 1474 610 1495 b
636 1473 779 1514 origine
806 1471 858 1504 Ρ2
943 1478 957 1494 ⁰
984 1472 1152 1504 uideatur
1179 1471 1210 1502 A
1297 1471 1311 1493 d
1339 1471 1468 1511 ephesi
1496 1474 1537 1510 A,
1566 1471 1712 1504 absessi
1738 1469 1791 1502 P2

120 1541 134 1557 θ
162 1535 309 1575 quidem
335 1532 385 1565 Pl
521 1533 530 1555 f
558 1532 596 1571 —l—
627 1533 684 1565 est
709 1529 737 1563 A
875 1538 890 1560 ε
916 1532 1032 1564 tercia
1058 1532 1089 1562 A
1224 1531 1240 1553 h
1267 1531 1344 1563 aeri
1370 1530 1400 1562 V
1526 1530 1534 1552 i
1561 1539 1710 1563 sensum
1737 1529 1789 1562 Pl

119 1593 134 1615 k
159 1593 249 1625 haut
274 1591 327 1624 Ρ2
424 1592 432 1614 1
464 1592 499 1630 -Ι-
530 1592 567 1624 et
592 1590 643 1623 Pl
742 1597 764 1613 ¹¹²
793 1599 841 1622 ex
871 1590 898 1622 Ο
984 1595 999 1612 ¹¹
1026 1589 1118 1622 fehlt
1142 1588 1193 1620 Pl
1286 1595 1300 1611 0
1326 1589 1548 1629 preparatur
1576 1587 1647 1628 VL,
1675 1598 1790 1629 appa-

118 1670 245 1702 rantur
271 1666 314 1709 Α,
342 1670 562 1710 apparatum
586 1668 638 1700 Ρ2
735 1673 751 1695 P
778 1667 864 1700 ferri
886 1665 937 1698 Ρ2
1035 1672 1050 1693 ι1
1076 1666 1240 1698 essentia
1267 1665 1305 1704 V,
1335 1646 1442 1697 efficta
1468 1664 1512 1704 A,
1539 1665 1702 1697 euthiata
1727 1664 1790 1705 Pl,

120 1735 290 1779 euthrata
319 1745 355 1785 0,
384 1726 533 1778 eu‘sstha
559 1744 607 1784 L;
635 1745 727 1777 fehlt
753 1742 904 1782 (Litelce)
931 1741 993 1775 P2.
1047 1743 1104 1775 Da
1130 1742 1243 1774 sz't
1262 1742 1329 1774 der
1347 1742 1480 1774 Lesart
1506 1742 1669 1774 essentia
1693 1750 1793 1781 ganz

120 1805 238 1843 allein
270 1806 377 1844 steht,
418 1804 605 1837 wdhrend
650 1804 724 1836 alle
762 1803 923 1843 z'c'briyen
954 1819 1000 1823 —
1033 1802 1133 1834 auch
1166 1799 1229 1840 P2,
1265 1801 1332 1834 der
1367 1801 1429 1833 fiir
1470 1800 1541 1833 das
1573 1800 1673 1833 Wort
1709 1801 1792 1834 eine

118 1865 243 1898 Litolce
280 1865 379 1898 offen
414 1865 496 1897 lam
522 1881 565 1885 -—-
592 1864 673 1896 sich
711 1863 885 1896 offenbar
921 1862 991 1894 mit
1022 1861 1143 1894 einem
1175 1861 1397 1893 verderbten
1429 1859 1548 1902 Worte
1586 1860 1791 1900 abqudlen,

121 1924 192 1957 das
216 1924 339 1964 yewiss
364 1924 469 1957 nicht
500 1923 572 1956 das
600 1923 788 1963 yelciutiye
820 1921 920 1954 Wort
954 1920 1118 1953 essentia
1155 1928 1248 1958 war,
1284 1919 1355 1952 das
1392 1928 1445 1952 an
1483 1927 1643 1952 unserer
1683 1918 1794 1952 Stelle

119 1983 338 2024 uberhaupt
364 1984 499 2016 lcez'nen
526 1983 621 2015 Sirm
646 1982 736 2023 yibt,
768 1990 811 2014 so
839 1981 941 2014 hatte
973 1980 1034 2012 ich
1065 1979 1229 2012 essentia
1264 1979 1328 2011 fiir
1361 1979 1444 2011 eine
1480 1978 1663 2011 schlechte
1688 1979 1789 2012 Kon-

111 2042 253 2083 jektur.
304 2042 386 2075 Das
411 2042 450 2074 th
474 2042 516 2075 in
543 2041 615 2074 den
641 2041 821 2073 Lesarten
849 2039 914 2072 der
940 2038 1137 2072 Mehrzahl
1169 2038 1235 2070 der
1259 2037 1561 2070 Handsohrzrten
1593 2037 1699 2069 weist
1725 2038 1800 2070 auf

118 2102 180 2135 ein
204 2089 456 2142 yr'iechisoloes
489 2100 590 2134 Wort
615 2101 691 2139 hin,
720 2100 792 2132 das
819 2099 926 2132 daun
951 2097 1159 2138 iryendwie
1190 2097 1301 2130 einen
1338 2097 1545 2137 Geyensatz
1580 2105 1626 2129 zu
1660 2097 1793 2137 impor-

120 2162 210 2193 tuna
228 2161 265 2193 Z.
285 2161 304 2194 8
327 2161 573 2193 ausdrueken
592 2160 695 2193 mulo'.
726 2160 779 2192 Ob
801 2158 963 2192 euthinia
978 2170 1019 2183 Ξ
1036 2154 1204 2199 εὐθηνία
1224 2154 1508 2196 (abundantia)‘?
1599 2162 1611 2178 ¹·
1632 2156 1723 2188 fehlt
1743 2155 1793 2187 Pl

121 2227 133 2243 ⁸
159 2221 381 2261 inoportuna
407 2220 573 2252 trahatur
596 2219 626 2251 L
724 2221 733 2241 t
756 2218 794 2257 -l-
819 2227 868 2251 ex
890 2217 919 2249 A
1018 2222 1033 2239 υ
1060 2216 1285 2248 metheorico
1313 2211 1431 2257 alitur}
1460 2214 1735 2247 metheoraliter
1751 2215 1792 2254 A,

120 2280 311 2312 metheora
337 2280 444 2312 alitur
474 2278 501 2311 Ο
598 2284 614 2302 v
641 2278 733 2311 fehlt
759 2277 789 2309 L
887 2282 910 2299 w
936 2276 1062 2309 colero
1092 2275 1129 2315 O,
1156 2276 1281 2308 calera
1307 2273 1359 2306 ΡΞ
1456 2280 1472 2295 ¹
1499 2274 1536 2306 et
1561 2272 1593 2305 L
1690 2279 1706 2301 y
1733 2282 1792 2306 ca-

120 2339 209 2372 loris
231 2339 279 2378 L;
301 2339 393 2371 fehlt
408 2337 436 2369 P
445 2337 460 2359 2
534 2344 547 2360 Ζ
570 2338 745 2378 quantum
766 2336 818 2368 P2
892 2342 925 2359 ⁸⁸
946 2335 1038 2368 fehlt
1057 2334 1109 2366 Ρ2
1184 2335 1216 2357 bb
1242 2334 1443 2366 subtilitate
1464 2330 1506 2372 Α,
1529 2333 1725 2366 sublimata
1741 2331 1793 2364 Ρ2

121 2404 151 2421 00
178 2399 354 2439 tanquam
382 2398 424 2435 Α,
452 2398 488 2430 et
514 2397 663 2438 inquam
690 2395 742 2428 P2
900 2395 933 2418 (Μ
960 2394 1234 2435 distemperatis
1267 2392 1347 2425 OPl
1364 2391 1412 2424 Ρ2
1567 2398 1598 2414 0²
1625 2392 1716 2424 fehlt
1741 2389 1794 2423 Ρ2

121 2457 142 2480 ¹¹
168 2456 484 2498 superfluitatibus
511 2455 562 2487 Pl
662 2462 695 2484 gg
722 2455 893 2488 essencia
923 2453 983 2486 OL

264 2574 292 2616 1)
319 2575 484 2608 Gedacht
509 2575 557 2607 ist
587 2574 784 2615 jedenfalls
816 2582 863 2606 an
896 2573 954 2605 die
986 2571 1218 2605 Destillation
1257 2579 1329 2602 von
1369 2569 1535 2602 Parfiims
1575 2577 1641 2602 aus
1680 2568 1794 2601 wohl·

119 2635 343 2668 riechenden
369 2634 521 2667 Bliitens

260 2693 290 2734 2)
317 2702 367 2726 sc.
395 2693 599 2726 cerebrum.

263 2752 293 2793 3)
319 2752 567 2785 metheorico:
603 2752 649 2784 ob
675 2760 808 2793 wegen
841 2751 906 2784 der
936 2750 1149 2789 leichteren,
1187 2748 1468 2789 schaumigeren
1493 2745 1794 2779 Beschaffenheit
1845 2751 1846 2755 ¹

123 2813 194 2846 und
220 2813 286 2846 des
313 2812 426 2845 durch
453 2812 523 2844 den
543 2811 666 2844 Druck
692 2810 1016 2851 herbeigefiihrten
1037 2809 1227 2850 Spritzens
1247 2808 1295 2840 im
1316 2807 1527 2848 Gegensatz
1548 2814 1630 2838 zum
1650 2804 1794 2838 Venen-

121 2872 222 2905 blute
249 2880 291 2904 so
316 2870 559 2904 bezeichnet‘?
608 2871 656 2903 Es
692 2870 761 2903 soll
798 2870 837 2910 ja
875 2870 938 2902 mit
977 2869 1059 2901 dem
1097 2868 1259 2909 spiritus
1296 2866 1427 2899 vitalis
1464 2865 1663 2899 vermischt
1701 2864 1792 2897 sein.

123 2930 278 2971 Subjekt
303 2939 348 2963 zu
375 2930 495 2962 alitur
519 2930 568 2962 ist
592 2930 797 2962 metheora.

264 2989 294 3029 4)
315 2989 438 3030 primi
464 2988 651 3021 domicili:
676 2989 741 3021 des
767 2988 941 3021 Herzens.
980 2988 1046 3020 das
1072 2986 1167 3020 nach
1194 2986 1249 3025 72,
1267 2986 1284 3018 1
1319 2985 1455 3018 caloris
1490 2983 1709 3017 domicilium
1736 2982 1792 3015 ist.

264 3048 294 3088 5)
320 3048 548 3081 intenditur:
574 3048 647 3089 vgl.
676 3048 709 3080 S.
738 3048 757 3080 7
784 3047 888 3080 Anm.
919 3048 948 3079 1.
