2106 3487
27 925 59 950 10

25 1278 56 1304 15

698 171 751 208 De
777 173 875 209 motu
902 172 1023 209 cordis
1050 186 1079 210 c.
1107 173 1138 210 4.
1704 175 1747 213 15

84 274 309 327 deorsum,
342 278 525 318 radicea
555 277 764 328 superius
792 289 1028 326 conversa,
1068 279 1353 328 pelliculaeb,
1404 291 1520 329 quae
1555 281 1747 332 diairag-

81 347 190 387 mati
222 349 290 388 est
321 348 712 398 perpendicularis
744 350 904 398 pectus
937 350 980 388 et
1006 349 1266 398 pulmonem
1294 361 1375 400 per
1402 352 1612 400 aequalia
1638 352 1747 392 divi-

81 417 216 467 denti,
251 418 480 458 adnexum
514 419 750 468 dependet.

220 488 264 528 2.
298 488 366 528 Ac
397 489 612 538 pulmone
645 488 825 538 quidem
865 490 1017 529 aerem
1060 489 1225 538 ducitd,
1260 502 1348 540 quo
1388 491 1593 541 spiritum
1626 493 1746 534 vitae

81 559 318 613 confortat,
353 566 515 609 queme
546 559 627 599 toti
659 559 959 600 uniformiterf
996 561 1175 610 corpori
1209 561 1446 601 distribuit.
1511 562 1746 604 Tracheae

80 629 198 669 enim
230 630 416 670 inferior
448 630 746 670 extremitas&
786 631 952 670 multas
986 633 1030 671 et
1062 642 1231 681 parvas
1264 644 1405 672 venas
1422 628 1452 682 1)
1487 634 1617 683 quasi
1650 645 1746 689 cor-

79 700 201 750 poris
233 701 303 741 sui
337 701 515 741 radices
547 712 629 751 per
667 701 839 741 totamh
879 702 1105 752 pulmonis
1148 704 1447 744 substantiam
1495 705 1745 756 dispergat,

80 782 269 821 quarum
302 766 472 820 unak2)
513 771 765 812 sinistruml
798 773 946 812 cordis
979 773 1228 813 thalamum
1261 775 1560 825 mingrediens
1593 777 1746 816 aerem

79 841 120 881 ei
152 843 378 892 pulmonis
412 844 455 882 et
487 843 684 892 pectoris
723 845 878 882 motun
910 845 1152 884 attractum
1191 845 1427 895 ministrat,
1463 846 1538 896 qui
1581 847 1745 887 ibidem

79 913 284 963 spiritum
316 913 437 954 vitae
471 914 709 963 confortat,
752 914 827 964 qui
874 925 957 964 per
1002 915 1193 955 arterias
1238 917 1294 956 ab
1342 917 1500 957 eodem
1545 918 1745 958 thalamo

78 985 263 1024 exortas
290 984 520 1034 egreditur
531 991 561 1033 0,
586 986 728 1024 totum
756 995 922 1034 corpus
950 985 1225 1026 calefaciens
1252 988 1295 1026 et
1322 987 1573 1029 vivificans.
1624 989 1745 1029 Dila-

77 1056 199 1094 tatur
211 1048 245 1103 3)
278 1055 427 1095 enimp
456 1056 608 1095 aerem
636 1055 903 1106 suscipiens,
938 1056 1291 1107 constringiturq
1318 1058 1539 1107 emittenS‚
1568 1061 1745 1100 contra-

77 1125 246 1175 riisque
277 1126 474 1166 motibus
506 1128 728 1166 movetur.
792 1126 944 1167 Defert
987 1127 1027 1167 ei
1059 1127 1193 1167 itemr
1235 1129 1503 1180 sanguinem
1536 1141 1655 1171 vena
1687 1131 1743 1170 ab

77 1191 255 1246 epate4)
289 1197 613 1248 progrediensS
640 1197 849 1237 dextrum
877 1198 1026 1238 cordis
1059 1199 1307 1239 thalamum
1340 1200 1612 1251 ingrediens,
1648 1203 1745 1252 quit

78 1267 244 1308 ibidem
276 1269 496 1319 purgatus
524 1269 581 1308 ad
608 1276 803 1318 purumu
830 1279 911 1319 per
937 1280 1101 1309 venam
1129 1265 1466 1320 arteriatamV5)
1499 1272 1555 1312 ab
1583 1272 1743 1312 eodem

77 1338 277 1379 thalamo
304 1341 457 1378 natam
485 1339 542 1378 ad
576 1340 902 1389 superiorumW
940 1340 1186 1390 praecipue
1227 1342 1550 1382 nutrimentum
1595 1343 1743 1394 dirigi-

75 1411 159 1449 tur.
222 1409 383 1449 Haurit
416 1416 559 1450 veroX
591 1412 781 1460 uterque
808 1411 1036 1451 thalamus
1065 1411 1120 1451 ab
1149 1414 1354 1462 utroque,
1382 1413 1428 1453 in
1455 1413 1602 1453 medio
1630 1425 1739 1454 vero

74 1479 154 1519 ffiy
187 1480 398 1520 discretio
412 1473 458 1529 6).

215 1597 231 1613 ⁸
256 1585 397 1632 radice]
432 1590 585 1623 interior
613 1590 652 1630 0,
680 1591 800 1623 indice
826 1589 881 1623 Ρ2
996 1592 1011 1614 b
1037 1592 1124 1632 pelli
1153 1592 1192 1631 O,
1220 1593 1400 1633 pellucem
1427 1592 1482 1625 P2
1597 1600 1610 1616 0
1637 1603 1685 1627 ex
1711 1595 1744 1627 D

73 1649 88 1671 d
115 1650 244 1682 ducem
269 1650 296 1682 L
393 1655 407 1672 e
435 1650 606 1690 quoniam
633 1650 660 1682 L
770 1650 778 1671 f
804 1650 872 1682 ul’r
900 1662 939 1676 =
968 1651 1228 1684 universaliter
1260 1651 1420 1684 VAP10
1529 1659 1545 1680 g
1570 1662 1658 1693 pars
1684 1655 1743 1686 vel

73 1708 288 1740 extremitas
314 1707 369 1741 Pl
498 1709 513 1730 ¹1
539 1709 677 1741 tantam
704 1709 737 1741 D
858 1709 865 1730 ¹
893 1709 1107 1750 dispertitur
1133 1710 1175 1749 A,
1204 1710 1373 1750 dispertit
1397 1709 1458 1749 Pl,
1486 1711 1651 1752 disperta
1674 1711 1742 1752 ΡΞ,

72 1767 247 1808 dispersit
275 1767 382 1800 OLD
460 1768 475 1789 k
503 1776 656 1808 quarum
683 1764 767 1809 una]
799 1768 956 1808 qualiter
981 1769 1017 1801 in
1045 1777 1090 1801 ea
1115 1768 1148 1800 D
1230 1769 1237 1790 ¹
1265 1769 1452 1802 sinistram
1478 1768 1534 1801 Ρ2
1621 1776 1643 1793 ¹¹¹
1664 1771 1742 1804 tha-

71 1826 204 1859 lamum
231 1827 353 1859 cordis
382 1826 412 1859 0
508 1833 524 1849 11
549 1827 685 1859 motum
713 1826 742 1859 A
841 1833 855 1848 ⁰
880 1827 1084 1868 ingreditur
1113 1826 1200 1860 ΟΡΞ
1297 1833 1312 1855 1³
1340 1828 1432 1861 fehlt
1456 1827 1505 1861 ΡΞ
1615 1836 1629 1856 ¹1
1657 1839 1742 1862 con-

71 1885 240 1927 fringitur
266 1884 316 1918 ΡΞ
437 1892 449 1908 r
475 1886 598 1919 differt
624 1886 658 1918 ei
684 1886 816 1918 iterum
841 1886 883 1925 A,
911 1887 997 1919 item
1025 1887 1143 1919 defert
1170 1887 1204 1918 ei
1229 1886 1290 1926 Pl,
1318 1887 1436 1919 defert
1463 1888 1559 1920 enim
1585 1889 1671 1921 item
1701 1889 1740 1928 Ο,

70 1944 195 1977 differt
221 1945 255 1977 ei
280 1945 375 1977 idem
395 1945 432 1984 L,
460 1945 579 1977 defert
606 1945 640 1976 ei
664 1944 760 1977 idem
781 1944 813 1976 D
899 1950 911 1966 ⁸
937 1945 1144 1986 procedens
1162 1944 1221 1984 Pl,
1250 1946 1446 1986 egrediens
1466 1946 1499 1978 D
1587 1948 1595 1969 t
1623 1956 1694 1988 que
1713 1947 1742 1980 L

70 2009 86 2026 Η
113 2005 292 2045 purgatur
312 2002 352 2043 (!)
372 2000 781 2046 (durchstrichenund
805 2004 951 2037 Punlcte
978 2003 1179 2044 darunter)
1206 2005 1262 2043 ad,
1292 2004 1399 2037 daun
1424 2005 1546 2038 Luclce
1573 2006 1636 2038 fiir
1663 2006 1737 2039 feh-

71 2063 197 2096 lendes
216 2071 346 2104 purum
359 2062 389 2095 A
477 2068 493 2085 v
513 2062 707 2095 artericam
728 2062 761 2101 V,
789 2063 986 2095 artheriam
1008 2071 1082 2095 aus
1100 2063 1337 2095 artheriatam
1351 2060 1397 2102 A,
1425 2064 1636 2097 arteriatam
1648 2063 1740 2104 P1L‚

70 2122 287 2155 arteriarum
316 2121 356 2161 Ο,
395 2122 594 2154 arteratam
621 2119 676 2153 ΡΞ
810 2127 831 2142 w
864 2122 1034 2162 superior
1060 2120 1114 2153 ΡΞ
1248 2128 1264 2143 x
1290 2131 1378 2154 vere
1405 2122 1432 2154 L
1577 2129 1593 2149 y
1619 2124 1666 2155 sit
1691 2122 1741 2155 ΡΞ

212 2219 240 2264 1)
266 2231 396 2261 venae,
429 2223 509 2255 hier
542 2222 724 2255 natiirlich
756 2222 856 2255 nicht
895 2223 1152 2255 blutfiihrende
1191 2223 1330 2262 Venen,
1370 2223 1530 2256 sondern
1569 2224 1626 2257 die
1652 2224 1741 2257 Ver-

70 2282 288 2323 astelungen
324 2282 389 2314 der
414 2282 642 2314 Luftrohren.
693 2281 822 2314 Venen
859 2282 940 2314 sind
975 2282 1034 2314 bei
1070 2282 1197 2314 Alfred
1233 2282 1304 2314 alle
1342 2282 1440 2314 nicht
1478 2283 1739 2323 pulsierenden

68 2341 348 2382 rohrenartigen
375 2341 538 2373 Gebilde.

209 2398 238 2439 Ξ)
264 2400 352 2433 Hier
376 2400 514 2433 konnte
540 2400 577 2432 in
603 2401 669 2433 der
693 2401 762 2433 Tat
788 2409 835 2433 an
862 2401 944 2433 eine
973 2401 1038 2433 der
1061 2400 1335 2441 Lungenvenen
1362 2401 1521 2442 gedacht
1547 2402 1637 2434 sein.

210 2458 239 2499 3)
266 2468 316 2492 sc.
344 2468 408 2492 cor
434 2458 546 2499 (nicht
570 2460 656 2492 bloss
684 2460 866 2492 thalamus
893 2460 1051 2498 sinister,
1089 2460 1135 2492 da
1171 2460 1237 2493 das
1273 2460 1446 2501 folgende
1472 2461 1506 2493 ei
1532 2461 1566 2493 Z.
1596 2461 1637 2493 13
1666 2461 1736 2494 den

68 2518 251 2553 thalamus
277 2519 410 2552 dexter
434 2519 498 2551 mit
524 2519 742 2551 einschliesst
767 2520 840 2551 und
867 2520 946 2551 also
973 2528 1042 2551 nur
1067 2519 1134 2551 das
1154 2528 1273 2560 ganze
1292 2519 1388 2552 Herz
1408 2520 1591 2552 bedeuten
1612 2519 1736 2560 kann).

209 2576 238 2617 4)
264 2576 360 2610 Uber
385 2578 513 2610 diesen
539 2586 612 2610 von
638 2578 765 2611 Alired
799 2587 1115 2619 angenommenen
1146 2578 1391 2620 Hervorgang
1423 2579 1489 2611 der
1514 2579 1643 2612 Venen
1670 2588 1737 2612 aus

68 2637 134 2669 der
158 2637 277 2669 Leber
302 2646 331 2670 s.
358 2638 470 2670 unten
497 2646 527 2670 c.
556 2638 611 2676 14,
627 2638 657 2670 2.
686 2638 717 2670 7.
744 2656 789 2660 -
817 2637 985 2670 Gemeint
1010 2638 1058 2670 ist
1083 2637 1163 2670 hier
1188 2638 1286 2670 wohl
1312 2638 1370 2670 die
1396 2639 1525 2671 untere
1548 2638 1738 2671 Hohlvene

68 2695 132 2727 mit
158 2695 228 2728 den
254 2696 291 2727 in
317 2695 419 2728 diese
446 2695 740 2728 einmiindenden
767 2695 845 2728 drei
869 2695 1120 2728 Lebervenen.

207 2750 238 2796 5)
265 2755 330 2787 Als
356 2762 455 2788 vena
483 2755 669 2787 arteriata
695 2755 912 2787 bezeichnet
938 2763 979 2787 er
1004 2755 1183 2793 offenbar,
1210 2763 1290 2787 was
1317 2764 1346 2788 c.
1363 2755 1393 2794 3,
1410 2757 1429 2788 4
1450 2754 1500 2796 (p.
1523 2756 1577 2796 14,
1592 2755 1627 2795 9}
1655 2765 1738 2789 aus-

68 2813 248 2854 gedriickt
273 2813 381 2846 wird:
408 2814 509 2846 Deus
535 2822 654 2847 venae
680 2814 831 2846 cuilibet
856 2814 1042 2846 arteriam
1067 2814 1281 2854 supposuit.
1305 2830 1347 2835 ——
1376 2814 1542 2847 Gemeint
1567 2815 1615 2848 ist
1640 2815 1737 2847 wohl

68 2871 127 2904 die
152 2871 536 2913 Lungenschlagader.

209 2929 239 2970 6)
264 2931 331 2964 Die
356 2931 500 2964 Worte:
534 2932 678 2964 Haurit
702 2940 792 2964 vero
819 2933 977 2972 uterque
1012 2932 1211 2964 thalamus
1247 2932 1295 2964 ab
1333 2933 1506 2973 utroque,
1539 2933 1581 2966 in
1612 2934 1736 2966 medio

3 2983 6 2985 ’
70 2998 159 3022 vero
185 2990 226 3022 tit
252 2990 426 3022 discretio
453 2991 534 3023 sind
560 2999 627 3023 aus
655 2991 885 3029 Aristoteles,
912 2990 966 3023 De
990 2999 1126 3023 somno
1148 2992 1182 3023 et
1205 2991 1341 3031 viyilia
1368 2992 1398 3030 3,
1426 3001 1460 3032 p.
1479 2992 1545 3025 458
1561 2994 1735 3025 a17—19

68 3050 312 3087 entnommen,
339 3058 487 3082 woraus
513 3050 567 3082 sie
594 3058 623 3082 c.
651 3050 718 3089 5,3
745 3059 780 3090 p.
810 3050 863 3089 19,
893 3050 1029 3082 11—13
1057 3050 1152 3082 noch
1178 3050 1311 3083 einmal
1337 3051 1401 3083 mit
1436 3052 1736 3084 ausdrucklicher
